1329039698695,12,BUY,5,SELL,1456,98.0
1329039698758,13,SELL,11,BUY,2100,96.0
1329039698885,16,BUY,5,SELL,748,98.0
1329039698885,16,BUY,6,SELL,1737,98.0
1329039698885,16,BUY,9,SELL,486,98.0
1329039699048,20,SELL,17,BUY,1250,97.0
1329039699189,23,BUY,20,SELL,946,97.0
1329039699189,23,BUY,9,SELL,489,98.0
1329039699335,24,BUY,9,SELL,1491,98.0
1329039699335,24,BUY,14,SELL,1350,98.0
1329039699335,24,BUY,4,SELL,23,99.0
1329039699723,32,SELL,11,BUY,222,96.0
1329039699723,32,SELL,18,BUY,1088,96.0
1329039699723,32,SELL,8,BUY,1628,95.0
1329039699902,34,BUY,30,SELL,1537,97.0
1329039699912,35,SELL,33,BUY,1285,96.0
1329039699973,36,BUY,35,SELL,1632,96.0
1329039699973,36,BUY,30,SELL,189,97.0
1329039700123,38,SELL,37,BUY,1754,96.0
1329039700274,39,BUY,30,SELL,240,97.0
1329039700277,40,SELL,39,BUY,1340,97.0
1329039700277,40,SELL,37,BUY,260,96.0
1329039700277,40,SELL,8,BUY,36,95.0
1329039700280,41,BUY,28,SELL,1301,98.0
1329039700408,46,SELL,8,BUY,58,95.0
1329039700408,46,SELL,7,BUY,1568,94.0
1329039700597,48,SELL,47,BUY,1050,96.0
1329039700597,48,SELL,7,BUY,315,94.0
1329039700644,50,SELL,49,BUY,1137,96.0
1329039700737,51,SELL,49,BUY,176,96.0
1329039700777,52,SELL,7,BUY,260,94.0
1329039700777,52,SELL,1,BUY,1022,93.0
1329039701088,57,BUY,54,SELL,2504,94.0
1329039701252,58,SELL,1,BUY,1722,93.0
1329039701265,59,BUY,54,SELL,396,94.0
1329039701346,61,SELL,59,BUY,611,94.0
1329039701346,61,SELL,60,BUY,831,94.0
1329039701452,62,BUY,53,SELL,1338,95.0
1329039701452,62,BUY,51,SELL,1503,96.0
1329039701788,68,BUY,51,SELL,152,96.0
1329039701788,68,BUY,42,SELL,2357,97.0
1329039701788,68,BUY,56,SELL,18,97.0
1329039701902,71,SELL,70,BUY,1454,95.0
1329039702178,74,BUY,69,SELL,2537,96.0
1329039702180,75,BUY,69,SELL,372,96.0
1329039702208,76,BUY,56,SELL,1733,97.0
1329039702225,77,SELL,75,BUY,2294,96.0
1329039702275,78,SELL,70,BUY,748,95.0
1329039702342,80,SELL,60,BUY,328,94.0
1329039702342,80,SELL,1,BUY,133,93.0
1329039702342,80,SELL,64,BUY,880,90.0
1329039702633,85,SELL,64,BUY,750,90.0
1329039702633,85,SELL,2,BUY,517,88.0
1329039702720,87,SELL,2,BUY,727,88.0
1329039702720,87,SELL,22,BUY,2087,88.0
1329039702773,88,SELL,22,BUY,313,88.0
1329039702773,88,SELL,3,BUY,728,87.0
1329039702940,92,BUY,86,SELL,1095,93.0
1329039702940,92,BUY,82,SELL,1283,94.0
1329039703057,95,SELL,91,BUY,1630,89.0
1329039703197,98,BUY,97,SELL,1029,92.0
1329039703197,98,BUY,94,SELL,1389,93.0
1329039703350,101,SELL,91,BUY,73,89.0
1329039703350,101,SELL,90,BUY,1898,88.0
1329039703350,101,SELL,3,BUY,498,87.0
1329039703463,102,BUY,99,SELL,1119,92.0
1329039703714,108,BUY,106,SELL,2610,91.0
1329039703975,111,SELL,110,BUY,1187,88.0
1329039704155,116,SELL,115,BUY,1425,90.0
1329039704158,117,BUY,116,SELL,661,90.0
1329039704158,117,BUY,106,SELL,324,91.0
1329039704158,117,BUY,99,SELL,1082,92.0
1329039704267,119,SELL,114,BUY,1269,89.0
1329039704378,121,BUY,99,SELL,420,92.0
1329039704378,121,BUY,100,SELL,2460,92.0
1329039704414,122,SELL,114,BUY,1610,89.0
1329039704414,122,SELL,110,BUY,131,88.0
1329039704414,122,SELL,3,BUY,897,87.0
1329039704540,126,SELL,125,BUY,2279,88.0
1329039704761,129,BUY,100,SELL,89,92.0
1329039704761,129,BUY,94,SELL,1301,93.0
1329039704761,129,BUY,82,SELL,605,94.0
1329039704890,132,SELL,131,BUY,1781,90.0
1329039704895,133,SELL,131,BUY,92,90.0
1329039704895,133,SELL,127,BUY,1027,89.0
1329039704895,133,SELL,125,BUY,585,88.0
1329039704895,133,SELL,3,BUY,222,87.0
1329039705084,136,BUY,134,SELL,1837,90.0
1329039705084,136,BUY,130,SELL,778,91.0
1329039705299,139,SELL,3,BUY,123,87.0
1329039705299,139,SELL,104,BUY,1059,87.0
1329039705299,139,SELL,113,BUY,928,87.0
1329039705326,142,BUY,137,SELL,1023,90.0
1329039705462,143,BUY,137,SELL,1661,90.0
1329039705462,143,BUY,138,SELL,768,90.0
1329039705661,148,BUY,144,SELL,2754,89.0
1329039705661,148,BUY,138,SELL,103,90.0
1329039705847,151,SELL,150,BUY,1152,89.0
1329039705881,152,BUY,138,SELL,1139,90.0
1329039705881,152,BUY,130,SELL,162,91.0
1329039705962,153,BUY,130,SELL,586,91.0
1329039705962,153,BUY,141,SELL,669,93.0
1329039706097,156,BUY,141,SELL,1273,93.0
1329039706213,157,BUY,141,SELL,587,93.0
1329039706213,157,BUY,147,SELL,822,93.0
1329039706227,158,SELL,155,BUY,1620,91.0
1329039706301,160,BUY,147,SELL,683,93.0
1329039706301,160,BUY,82,SELL,392,94.0
1329039706301,160,BUY,89,SELL,1011,94.0
1329039706520,164,SELL,155,BUY,1192,91.0
1329039706520,164,SELL,159,BUY,554,91.0
1329039706524,165,SELL,159,BUY,1548,91.0
1329039706524,165,SELL,161,BUY,1300,91.0
1329039706524,165,SELL,154,BUY,84,90.0
1329039706794,168,BUY,162,SELL,2184,93.0
1329039706794,168,BUY,89,SELL,621,94.0
1329039706901,171,SELL,167,BUY,1086,91.0
1329039706901,172,SELL,167,BUY,715,91.0
1329039706901,172,SELL,170,BUY,1457,91.0
1329039707019,175,BUY,172,SELL,235,91.0
1329039707019,175,BUY,169,SELL,1127,92.0
1329039707019,175,BUY,89,SELL,357,94.0
1329039707019,175,BUY,123,SELL,353,94.0
1329039707284,182,BUY,180,SELL,1309,93.0
1329039707309,183,BUY,180,SELL,178,93.0
1329039707310,183,BUY,181,SELL,1645,93.0
1329039707417,185,SELL,177,BUY,1023,92.0
1329039707529,186,BUY,181,SELL,320,93.0
1329039707529,186,BUY,123,SELL,1736,94.0
1329039707529,186,BUY,128,SELL,727,94.0
1329039707679,190,BUY,128,SELL,1681,94.0
1329039707679,190,BUY,146,SELL,584,94.0
1329039707756,191,BUY,146,SELL,772,94.0
1329039707756,191,BUY,78,SELL,1701,95.0
1329039707817,193,SELL,187,BUY,1115,93.0
1329039707848,194,BUY,192,SELL,2062,94.0
1329039707848,194,BUY,78,SELL,35,95.0
1329039707979,196,SELL,187,BUY,313,93.0
1329039707979,196,SELL,177,BUY,1501,92.0
1329039708050,199,BUY,78,SELL,328,95.0
1329039708050,199,BUY,145,SELL,2472,95.0
1329039708216,204,SELL,203,BUY,1339,94.0
1329039708390,207,SELL,203,BUY,1001,94.0
1329039708415,208,BUY,145,SELL,156,95.0
1329039708415,208,BUY,184,SELL,977,95.0
1329039708540,209,BUY,184,SELL,49,95.0
1329039708540,209,BUY,197,SELL,992,95.0
1329039708554,210,BUY,197,SELL,583,95.0
1329039708554,210,BUY,77,SELL,626,96.0
1329039708554,210,BUY,206,SELL,1716,96.0
1329039708702,213,SELL,203,BUY,208,94.0
1329039708702,213,SELL,212,BUY,1028,94.0
1329039708702,213,SELL,198,BUY,902,93.0
1329039708843,214,BUY,206,SELL,436,96.0
1329039708843,214,BUY,56,SELL,1103,97.0
1329039708843,214,BUY,81,SELL,158,97.0
1329039708846,215,SELL,198,BUY,305,93.0
1329039708846,215,SELL,177,BUY,297,92.0
1329039708846,215,SELL,176,BUY,1155,91.0
1329039708889,216,SELL,176,BUY,349,91.0
1329039708889,216,SELL,154,BUY,654,90.0
1329039708903,217,BUY,81,SELL,871,97.0
1329039708903,217,BUY,107,SELL,1290,97.0
1329039708903,217,BUY,179,SELL,806,97.0
1329039708939,218,BUY,179,SELL,1605,97.0
1329039708939,218,BUY,211,SELL,1149,97.0
1329039708939,218,BUY,28,SELL,44,98.0
1329039709016,219,SELL,154,BUY,1635,90.0
1329039709016,219,SELL,174,BUY,826,90.0
1329039709260,222,BUY,220,SELL,1392,97.0
1329039709260,222,BUY,28,SELL,1027,98.0
1329039709260,222,BUY,73,SELL,193,98.0
1329039709306,224,SELL,223,BUY,1000,91.0
1329039709457,225,SELL,223,BUY,360,91.0
1329039709457,225,SELL,174,BUY,1301,90.0
1329039709551,228,SELL,174,BUY,397,90.0
1329039709551,228,SELL,150,BUY,687,89.0
1329039709551,228,SELL,149,BUY,1434,88.0
1329039709782,231,BUY,229,SELL,1110,97.0
1329039709783,231,BUY,73,SELL,1017,98.0
1329039709783,231,BUY,79,SELL,179,98.0
1329039710062,235,BUY,79,SELL,1586,98.0
1329039710185,238,BUY,237,SELL,1746,96.0
1329039710185,238,BUY,236,SELL,325,97.0
1329039710389,240,BUY,236,SELL,936,97.0
1329039710389,240,BUY,79,SELL,433,98.0
1329039710389,240,BUY,120,SELL,799,98.0
1329039710463,241,SELL,233,BUY,2297,90.0
1329039710605,246,BUY,244,SELL,1105,97.0
1329039710605,246,BUY,120,SELL,1083,98.0
1329039710776,250,SELL,243,BUY,1014,92.0
1329039710776,250,SELL,242,BUY,63,91.0
1329039711066,255,SELL,251,BUY,1096,92.0
1329039711066,255,SELL,242,BUY,380,91.0
1329039711380,260,SELL,257,BUY,1978,92.0
1329039711411,261,SELL,257,BUY,211,92.0
1329039711411,261,SELL,242,BUY,1103,91.0
1329039711455,263,SELL,242,BUY,28,91.0
1329039711455,263,SELL,233,BUY,58,90.0
1329039711455,263,SELL,230,BUY,946,89.0
1329039711459,264,BUY,262,SELL,1461,92.0
1329039711459,264,BUY,256,SELL,186,93.0
1329039711546,266,BUY,265,SELL,1159,92.0
1329039711546,266,BUY,256,SELL,1075,93.0
1329039711546,266,BUY,254,SELL,249,94.0
1329039711760,269,BUY,267,SELL,1655,93.0
1329039711760,269,BUY,254,SELL,551,94.0
1329039711967,273,BUY,272,SELL,1508,93.0
1329039711967,273,BUY,254,SELL,1095,94.0
1329039711988,274,BUY,254,SELL,998,94.0
1329039711988,274,BUY,253,SELL,290,95.0
1329039712243,279,BUY,278,SELL,2096,93.0
1329039712243,279,BUY,277,SELL,76,94.0
1329039712451,280,BUY,277,SELL,1617,94.0
1329039712451,280,BUY,253,SELL,336,95.0
1329039712509,282,SELL,230,BUY,683,89.0
1329039712509,282,SELL,258,BUY,1428,89.0
1329039712589,284,BUY,253,SELL,1726,95.0
1329039712589,284,BUY,252,SELL,1229,96.0
1329039713124,293,SELL,288,BUY,1829,92.0
1329039713206,294,SELL,286,BUY,1805,91.0
1329039713221,295,BUY,293,SELL,585,92.0
1329039713221,295,BUY,292,SELL,1321,93.0
1329039713385,299,SELL,297,BUY,1052,92.0
1329039713537,301,BUY,292,SELL,997,93.0
1329039713537,301,BUY,300,SELL,127,93.0
1329039713661,302,BUY,300,SELL,2261,93.0
1329039713662,303,BUY,300,SELL,245,93.0
1329039713709,304,BUY,289,SELL,1759,94.0
1329039713871,305,BUY,289,SELL,158,94.0
1329039714032,308,BUY,285,SELL,1317,95.0
1329039714081,309,BUY,285,SELL,1339,95.0
1329039714081,309,BUY,252,SELL,970,96.0
1329039714081,309,BUY,268,SELL,210,96.0
1329039714195,310,BUY,268,SELL,2269,96.0
1329039714195,310,BUY,271,SELL,546,96.0
1329039714460,314,SELL,305,BUY,1992,94.0
1329039714811,318,SELL,305,BUY,588,94.0
1329039714811,318,SELL,315,BUY,1404,94.0
1329039714861,319,SELL,315,BUY,541,94.0
1329039714892,321,BUY,319,SELL,1170,94.0
1329039715002,322,BUY,313,SELL,1684,95.0
1329039715011,323,BUY,313,SELL,937,95.0
1329039715011,323,BUY,271,SELL,1282,96.0
1329039715011,323,BUY,281,SELL,619,96.0
1329039715030,325,SELL,324,BUY,1682,95.0
1329039715112,327,SELL,324,BUY,837,95.0
1329039715112,327,SELL,321,BUY,1133,94.0
1329039715112,327,SELL,303,BUY,634,93.0
1329039715327,329,BUY,281,SELL,619,96.0
1329039715327,329,BUY,249,SELL,590,97.0
1329039715396,331,BUY,330,SELL,1366,96.0
1329039715530,334,SELL,328,BUY,2333,94.0
1329039715530,334,SELL,303,BUY,312,93.0
1329039715530,334,SELL,297,BUY,202,92.0
1329039715648,338,BUY,336,SELL,1946,94.0
1329039715753,342,SELL,335,BUY,2785,93.0
1329039715753,342,SELL,297,BUY,52,92.0
1329039715763,343,SELL,297,BUY,1078,92.0
1329039715763,343,SELL,316,BUY,927,92.0
1329039716100,346,BUY,336,SELL,708,94.0
1329039716100,346,BUY,337,SELL,1049,94.0
1329039716101,347,SELL,316,BUY,363,92.0
1329039716101,347,SELL,339,BUY,2295,92.0
1329039716327,351,SELL,339,BUY,672,92.0
1329039716356,352,SELL,286,BUY,117,91.0
1329039716356,352,SELL,326,BUY,1748,91.0
1329039716451,354,SELL,326,BUY,453,91.0
1329039716451,354,SELL,283,BUY,1005,90.0
1329039716451,354,SELL,312,BUY,870,90.0
1329039716702,356,BUY,351,SELL,551,92.0
1329039716761,358,SELL,356,BUY,927,92.0
1329039716859,359,SELL,355,BUY,2100,91.0
1329039716880,360,SELL,355,BUY,394,91.0
1329039716942,361,BUY,360,SELL,1288,91.0
1329039717069,362,BUY,358,SELL,1622,92.0
1329039717069,362,BUY,348,SELL,1263,93.0
1329039717100,365,BUY,364,SELL,1406,92.0
1329039717100,365,BUY,348,SELL,165,93.0
1329039717225,368,SELL,361,BUY,1371,91.0
1329039717225,368,SELL,312,BUY,579,90.0
1329039717420,371,BUY,370,SELL,1263,91.0
1329039717420,371,BUY,367,SELL,1686,92.0
1329039717429,372,SELL,312,BUY,458,90.0
1329039717429,372,SELL,333,BUY,1352,90.0
1329039717630,375,SELL,373,BUY,1803,91.0
1329039717641,376,BUY,367,SELL,27,92.0
1329039717641,376,BUY,348,SELL,1106,93.0
1329039717641,376,BUY,349,SELL,1375,93.0
1329039717779,379,BUY,349,SELL,1276,93.0
1329039717779,379,BUY,337,SELL,574,94.0
1329039717829,381,BUY,337,SELL,670,94.0
1329039717829,381,BUY,350,SELL,1606,94.0
1329039718027,382,BUY,350,SELL,1082,94.0
1329039718027,382,BUY,377,SELL,951,94.0
1329039718036,383,SELL,380,BUY,1802,93.0
1329039718044,384,BUY,383,SELL,206,93.0
1329039718107,385,SELL,384,BUY,833,93.0
1329039718107,385,SELL,378,BUY,774,92.0
1329039718253,387,SELL,378,BUY,910,92.0
1329039718253,387,SELL,373,BUY,541,91.0
1329039718253,387,SELL,333,BUY,339,90.0
1329039718439,388,SELL,333,BUY,1166,90.0
1329039718439,388,SELL,258,BUY,1122,89.0
1329039718439,388,SELL,366,BUY,93,89.0
1329039718467,389,SELL,366,BUY,1542,89.0
1329039718481,390,BUY,377,SELL,885,94.0
1329039718482,390,BUY,332,SELL,218,95.0
1329039718649,392,SELL,366,BUY,270,89.0
1329039718649,392,SELL,386,BUY,872,89.0
1329039718890,398,BUY,396,SELL,2120,94.0
1329039719221,406,SELL,402,BUY,1418,92.0
1329039719229,407,BUY,405,SELL,2151,93.0
1329039719229,407,BUY,396,SELL,10,94.0
1329039719293,409,SELL,402,BUY,311,92.0
1329039719293,409,SELL,400,BUY,1633,91.0
1329039719511,413,BUY,411,SELL,2541,92.0
1329039719618,414,BUY,410,SELL,2503,93.0
1329039719654,415,SELL,413,BUY,182,92.0
1329039719654,415,SELL,400,BUY,299,91.0
1329039719654,415,SELL,397,BUY,1456,90.0
1329039719654,415,SELL,386,BUY,803,89.0
1329039719678,416,BUY,410,SELL,79,93.0
1329039719678,416,BUY,396,SELL,333,94.0
1329039719678,416,BUY,332,SELL,1021,95.0
1329039719765,418,SELL,417,BUY,1984,90.0
1329039719765,418,SELL,386,BUY,238,89.0
1329039719872,420,SELL,386,BUY,633,89.0
1329039719872,420,SELL,393,BUY,1203,89.0
1329039719872,420,SELL,395,BUY,272,89.0
1329039719913,421,BUY,419,SELL,1967,94.0
1329039719914,421,BUY,332,SELL,417,95.0
1329039719914,421,BUY,341,SELL,522,95.0
1329039720040,422,SELL,395,BUY,908,89.0
1329039720040,422,SELL,149,BUY,496,88.0
1329039720040,422,SELL,195,BUY,414,88.0
1329039720093,424,BUY,341,SELL,571,95.0
1329039720093,424,BUY,330,SELL,1399,96.0
1329039720093,424,BUY,391,SELL,371,96.0
1329039720110,425,BUY,391,SELL,2217,96.0
1329039720110,425,BUY,249,SELL,618,97.0
1329039720333,430,BUY,249,SELL,346,97.0
1329039720333,430,BUY,298,SELL,1632,97.0
1329039720333,430,BUY,317,SELL,369,97.0
1329039720666,436,SELL,433,BUY,1157,92.0
1329039720940,440,SELL,437,BUY,1999,93.0
1329039721004,443,SELL,433,BUY,354,92.0
1329039721293,445,BUY,443,SELL,1546,92.0
1329039721304,446,SELL,431,BUY,1573,91.0
1329039721334,447,BUY,446,SELL,590,91.0
1329039721336,448,SELL,447,BUY,1495,91.0
1329039721336,448,SELL,428,BUY,583,90.0
1329039721431,451,BUY,443,SELL,74,92.0
1329039721459,452,SELL,451,BUY,2418,92.0
1329039721625,454,BUY,452,SELL,395,92.0
1329039721625,454,BUY,440,SELL,734,93.0
1329039721626,454,BUY,438,SELL,1505,94.0
1329039721686,457,SELL,455,BUY,1067,92.0
1329039721824,459,SELL,455,BUY,1171,92.0
1329039721824,459,SELL,449,BUY,310,91.0
1329039722011,461,BUY,460,SELL,1299,92.0
1329039722017,463,SELL,449,BUY,1578,91.0
1329039722114,465,BUY,463,SELL,1139,91.0
1329039722114,465,BUY,460,SELL,76,92.0
1329039722114,465,BUY,462,SELL,318,92.0
1329039722474,469,BUY,462,SELL,1410,92.0
1329039722509,470,BUY,458,SELL,1172,93.0
1329039722532,471,SELL,469,BUY,1332,92.0
1329039722532,471,SELL,467,BUY,1543,91.0
1329039722609,472,SELL,467,BUY,509,91.0
1329039722609,472,SELL,428,BUY,532,90.0
1329039722609,472,SELL,427,BUY,1819,89.0
1329039722843,478,SELL,477,BUY,2001,91.0
1329039722843,478,SELL,476,BUY,103,90.0
1329039722968,480,BUY,458,SELL,1568,93.0
1329039722968,480,BUY,473,SELL,966,93.0
1329039723136,484,BUY,473,SELL,1137,93.0
1329039723146,485,BUY,473,SELL,681,93.0
1329039723146,485,BUY,475,SELL,2094,93.0
1329039723146,485,BUY,438,SELL,175,94.0
1329039723148,486,SELL,483,BUY,1950,92.0
1329039723148,486,SELL,482,BUY,950,91.0
1329039723273,488,BUY,487,SELL,1524,93.0
1329039723373,489,BUY,487,SELL,1234,93.0
1329039723373,489,BUY,438,SELL,363,94.0
1329039723583,493,BUY,492,SELL,1131,93.0
1329039723625,494,BUY,438,SELL,347,94.0
1329039723625,494,BUY,441,SELL,1186,94.0
1329039723658,495,BUY,441,SELL,1722,94.0
1329039723849,496,BUY,435,SELL,1940,95.0
1329039723849,496,BUY,464,SELL,928,95.0
1329039723918,498,BUY,464,SELL,217,95.0
1329039723918,498,BUY,497,SELL,1681,95.0
1329039723964,500,SELL,495,BUY,45,94.0
1329039723989,502,BUY,500,SELL,1576,94.0
1329039723989,502,BUY,501,SELL,24,94.0
1329039724159,503,SELL,493,BUY,725,93.0
1329039724452,507,SELL,491,BUY,1287,92.0
1329039724532,508,BUY,503,SELL,1304,93.0
1329039724606,510,BUY,503,SELL,610,93.0
1329039724606,510,BUY,504,SELL,1101,93.0
1329039724606,510,BUY,506,SELL,608,93.0
1329039724651,511,BUY,506,SELL,498,93.0
1329039724651,511,BUY,501,SELL,1266,94.0
1329039724651,511,BUY,497,SELL,220,95.0
1329039724934,515,BUY,513,SELL,2509,94.0
1329039725013,517,BUY,513,SELL,400,94.0
1329039725013,517,BUY,497,SELL,168,95.0
1329039725013,517,BUY,434,SELL,962,96.0
1329039725166,521,BUY,434,SELL,1194,96.0
1329039725407,523,BUY,434,SELL,206,96.0
1329039725407,523,BUY,317,SELL,1951,97.0
1329039725407,523,BUY,432,SELL,425,97.0
1329039725482,526,BUY,524,SELL,1922,95.0
1329039725482,526,BUY,432,SELL,195,97.0
1329039725497,527,SELL,522,BUY,2513,94.0
1329039725809,531,BUY,529,SELL,2812,96.0
1329039725843,532,BUY,529,SELL,75,96.0
1329039725843,532,BUY,432,SELL,1206,97.0
1329039725843,532,BUY,439,SELL,211,97.0
1329039725848,533,BUY,439,SELL,1675,97.0
1329039725958,535,SELL,534,BUY,2257,95.0
1329039725958,535,SELL,522,BUY,229,94.0
1329039725958,535,SELL,516,BUY,456,93.0
1329039726273,544,BUY,543,SELL,1665,95.0
1329039726301,545,SELL,537,BUY,1069,94.0
1329039726301,545,SELL,516,BUY,774,93.0
1329039726483,547,BUY,543,SELL,1113,95.0
1329039726483,547,BUY,536,SELL,1152,96.0
1329039726483,547,BUY,439,SELL,271,97.0
1329039726483,547,BUY,481,SELL,337,97.0
1329039726552,549,BUY,481,SELL,1149,97.0
1329039726641,550,SELL,546,BUY,1478,94.0
1329039726720,552,BUY,481,SELL,563,97.0
1329039726720,552,BUY,512,SELL,1562,97.0
1329039727002,558,BUY,556,SELL,1468,95.0
1329039727027,559,SELL,546,BUY,75,94.0
1329039727027,559,SELL,516,BUY,516,93.0
1329039727027,559,SELL,539,BUY,2065,93.0
1329039727078,561,SELL,539,BUY,315,93.0
1329039727078,561,SELL,491,BUY,115,92.0
1329039727078,561,SELL,560,BUY,1791,92.0
1329039727490,567,SELL,562,BUY,1022,93.0
1329039727584,568,SELL,562,BUY,932,93.0
1329039727584,568,SELL,560,BUY,696,92.0
1329039727585,568,SELL,482,BUY,340,91.0
1329039727587,569,BUY,566,SELL,1263,94.0
1329039727587,569,BUY,556,SELL,168,95.0
1329039728075,577,BUY,556,SELL,1089,95.0
1329039728075,577,BUY,554,SELL,885,96.0
1329039728112,578,BUY,554,SELL,1881,96.0
1329039728112,578,BUY,557,SELL,143,96.0
1329039728156,580,SELL,579,BUY,2535,95.0
1329039728156,580,SELL,572,BUY,377,94.0
1329039728438,584,SELL,572,BUY,785,94.0
1329039728438,584,SELL,571,BUY,1265,93.0
1329039728560,586,SELL,585,BUY,2013,94.0
1329039728621,587,SELL,585,BUY,235,94.0
1329039728632,588,BUY,587,SELL,1652,94.0
1329039728690,589,SELL,588,BUY,303,94.0
1329039728739,590,BUY,589,SELL,1999,94.0
1329039728739,590,BUY,581,SELL,434,95.0
1329039728743,591,SELL,571,BUY,229,93.0
1329039728743,591,SELL,570,BUY,1535,92.0
1329039728743,591,SELL,482,BUY,22,91.0
1329039728968,594,SELL,593,BUY,2212,92.0
1329039728968,594,SELL,482,BUY,197,91.0
1329039729191,597,SELL,596,BUY,1052,92.0
1329039729282,598,BUY,595,SELL,1769,93.0
1329039729289,599,SELL,598,BUY,486,93.0
1329039729289,599,SELL,596,BUY,1484,92.0
1329039729289,599,SELL,482,BUY,323,91.0
1329039729353,601,BUY,592,SELL,2674,94.0
1329039729353,601,BUY,581,SELL,22,95.0
1329039729494,602,SELL,482,BUY,368,91.0
1329039729494,602,SELL,519,BUY,1859,91.0
1329039729509,603,SELL,519,BUY,207,91.0
1329039729509,603,SELL,525,BUY,2023,91.0
1329039729509,603,SELL,548,BUY,240,91.0
1329039729588,606,BUY,604,SELL,1086,94.0
1329039729588,606,BUY,605,SELL,962,94.0
1329039729776,609,BUY,608,SELL,1458,92.0
1329039729781,610,SELL,609,BUY,867,92.0
1329039729781,610,SELL,548,BUY,895,91.0
1329039729781,610,SELL,476,BUY,172,90.0
1329039729852,611,SELL,476,BUY,1075,90.0
1329039729870,612,BUY,607,SELL,1255,93.0
1329039730111,618,BUY,607,SELL,1141,93.0
1329039730111,618,BUY,605,SELL,112,94.0
1329039730404,623,BUY,605,SELL,684,94.0
1329039730404,623,BUY,615,SELL,1477,94.0
1329039730456,625,SELL,622,BUY,1374,93.0
1329039730600,626,SELL,620,BUY,2157,92.0
1329039730630,628,SELL,614,BUY,1722,91.0
1329039730781,630,BUY,626,SELL,269,92.0
1329039730853,631,SELL,630,BUY,1348,92.0
1329039730880,632,BUY,631,SELL,264,92.0
1329039730880,632,BUY,625,SELL,1095,93.0
1329039730917,633,SELL,614,BUY,1027,91.0
1329039730917,633,SELL,476,BUY,74,90.0
1329039730942,634,SELL,476,BUY,832,90.0
1329039730942,634,SELL,583,BUY,920,90.0
1329039731112,636,SELL,583,BUY,121,90.0
1329039731112,636,SELL,427,BUY,477,89.0
1329039731112,636,SELL,509,BUY,1702,89.0
1329039731120,637,SELL,509,BUY,567,89.0
1329039731121,637,SELL,528,BUY,522,89.0
1329039731156,639,SELL,638,BUY,2338,90.0
1329039731156,639,SELL,528,BUY,512,89.0
1329039731232,641,SELL,640,BUY,1962,90.0
1329039731301,643,SELL,642,BUY,1550,91.0
1329039731514,648,SELL,642,BUY,810,91.0
1329039731514,648,SELL,640,BUY,21,90.0
1329039731514,648,SELL,644,BUY,226,90.0
1329039731678,651,SELL,649,BUY,2151,91.0
1329039731856,654,SELL,649,BUY,432,91.0
1329039731949,655,BUY,654,SELL,836,91.0
1329039731949,655,BUY,646,SELL,1432,92.0
1329039731949,655,BUY,625,SELL,159,93.0
1329039731949,655,BUY,615,SELL,557,94.0
1329039732122,660,BUY,658,SELL,1909,93.0
1329039732122,660,BUY,615,SELL,235,94.0
1329039732143,661,SELL,656,BUY,1375,91.0
1329039732166,662,BUY,615,SELL,143,94.0
1329039732166,662,BUY,581,SELL,1847,95.0
1329039732166,662,BUY,557,SELL,780,96.0
1329039732273,663,BUY,557,SELL,908,96.0
1329039732273,663,BUY,573,SELL,1378,96.0
1329039732273,663,BUY,512,SELL,387,97.0
1329039732273,663,BUY,514,SELL,168,97.0
1329039732326,664,SELL,656,BUY,34,91.0
1329039732326,664,SELL,644,BUY,1949,90.0
1329039732536,670,BUY,669,SELL,1088,96.0
1329039732536,670,BUY,514,SELL,1536,97.0
1329039732839,676,SELL,671,BUY,1202,93.0
1329039732839,676,SELL,672,BUY,915,93.0
1329039732907,677,BUY,675,SELL,1340,96.0
1329039732907,677,BUY,514,SELL,346,97.0
1329039732907,677,BUY,520,SELL,1097,97.0
1329039732931,678,BUY,520,SELL,1131,97.0
1329039732931,678,BUY,616,SELL,427,97.0
1329039733229,685,SELL,681,BUY,1309,94.0
1329039733229,685,SELL,672,BUY,1494,93.0
1329039733391,688,BUY,687,SELL,1229,95.0
1329039733553,690,SELL,689,BUY,1443,94.0
1329039733643,692,BUY,690,SELL,446,94.0
1329039733648,693,BUY,687,SELL,511,95.0
1329039733649,693,BUY,679,SELL,1211,96.0
1329039733649,693,BUY,616,SELL,322,97.0
1329039733718,694,BUY,616,SELL,1629,97.0
1329039733853,696,SELL,692,BUY,1362,94.0
1329039734048,698,SELL,697,BUY,1038,95.0
1329039734048,698,SELL,692,BUY,600,94.0
1329039734048,698,SELL,672,BUY,197,93.0
1329039734048,698,SELL,680,BUY,110,93.0
1329039734205,701,BUY,700,SELL,2344,96.0
1329039734205,701,BUY,616,SELL,76,97.0
1329039734205,701,BUY,659,SELL,570,97.0
1329039734217,702,BUY,659,SELL,607,97.0
1329039734217,702,BUY,682,SELL,680,97.0
1329039734331,704,BUY,682,SELL,1318,97.0
1329039734331,704,BUY,120,SELL,271,98.0
1329039734583,709,SELL,706,BUY,2047,96.0
1329039734583,709,SELL,707,BUY,341,96.0
1329039734594,710,SELL,707,BUY,1551,96.0
1329039734594,710,SELL,705,BUY,1060,95.0
1329039734595,711,SELL,705,BUY,1841,95.0
1329039734595,711,SELL,703,BUY,1000,94.0
1329039734597,712,SELL,703,BUY,537,94.0
1329039734597,712,SELL,680,BUY,1991,93.0
1329039734720,714,SELL,680,BUY,403,93.0
1329039734720,714,SELL,668,BUY,2270,92.0
1329039734800,715,BUY,713,SELL,1273,97.0
1329039734800,715,BUY,120,SELL,152,98.0
1329039734800,715,BUY,291,SELL,164,98.0
1329039734918,717,BUY,291,SELL,927,98.0
1329039734918,717,BUY,444,SELL,293,98.0
1329039734923,718,SELL,668,BUY,465,92.0
1329039734923,718,SELL,666,BUY,2341,91.0
1329039735015,719,SELL,666,BUY,16,91.0
1329039735015,719,SELL,716,BUY,1763,91.0
1329039735015,719,SELL,644,BUY,220,90.0
1329039735015,719,SELL,528,BUY,927,89.0
1329039735060,720,BUY,444,SELL,1492,98.0
1329039735061,721,BUY,444,SELL,404,98.0
1329039735061,721,BUY,453,SELL,1653,98.0
1329039735119,724,SELL,528,BUY,1033,89.0
1329039735119,724,SELL,582,BUY,200,89.0
1329039735305,727,BUY,725,SELL,2472,97.0
1329039735305,727,BUY,453,SELL,54,98.0
1329039735307,728,SELL,582,BUY,1632,89.0
1329039735307,728,SELL,674,BUY,413,89.0
1329039735415,731,BUY,730,SELL,1625,97.0
1329039735415,731,BUY,453,SELL,16,98.0
1329039735415,731,BUY,456,SELL,874,98.0
1329039735803,736,SELL,735,BUY,1134,91.0
1329039735803,736,SELL,729,BUY,919,90.0
1329039735822,737,SELL,729,BUY,1285,90.0
1329039736032,738,SELL,729,BUY,166,90.0
1329039736032,738,SELL,674,BUY,599,89.0
1329039736032,738,SELL,195,BUY,1713,88.0
1329039736032,738,SELL,270,BUY,375,88.0
1329039736145,741,BUY,733,SELL,1264,96.0
1329039736155,742,SELL,739,BUY,1433,90.0
1329039736171,743,SELL,739,BUY,142,90.0
1329039736171,743,SELL,270,BUY,739,88.0
1329039736171,743,SELL,296,BUY,1564,88.0
1329039736490,752,BUY,751,SELL,1892,93.0
1329039736490,752,BUY,749,SELL,1025,94.0
1329039736640,755,SELL,754,BUY,1110,91.0
1329039736640,755,SELL,746,BUY,453,90.0
1329039736668,756,BUY,753,SELL,2246,93.0
1329039736668,756,BUY,749,SELL,574,94.0
1329039736681,758,BUY,749,SELL,415,94.0
1329039736681,758,BUY,745,SELL,2356,95.0
1329039737019,764,SELL,746,BUY,1056,90.0
1329039737079,765,BUY,763,SELL,1691,93.0
1329039737173,767,BUY,766,SELL,2211,92.0
1329039737173,767,BUY,763,SELL,332,93.0
1329039737299,770,BUY,768,SELL,1030,92.0
1329039737355,772,SELL,771,BUY,2099,91.0
1329039737589,774,BUY,768,SELL,322,92.0
1329039737718,776,BUY,763,SELL,849,93.0
1329039737781,778,SELL,776,BUY,255,93.0
1329039737781,778,SELL,774,BUY,1974,92.0
1329039737781,778,SELL,771,BUY,80,91.0
1329039737781,778,SELL,746,BUY,353,90.0
1329039737829,780,BUY,762,SELL,1168,94.0
1329039737829,780,BUY,777,SELL,1017,94.0
1329039737965,781,SELL,779,BUY,1984,93.0
1329039738044,782,BUY,777,SELL,1172,94.0
1329039738060,783,BUY,745,SELL,285,95.0
1329039738060,783,BUY,748,SELL,1212,95.0
1329039738060,783,BUY,757,SELL,485,95.0
1329039738136,784,SELL,782,BUY,118,94.0
1329039738136,784,SELL,779,BUY,690,93.0
1329039738136,784,SELL,746,BUY,650,90.0
1329039738136,784,SELL,744,BUY,83,89.0
1329039738168,785,SELL,744,BUY,1037,89.0
1329039738168,785,SELL,747,BUY,90,89.0
1329039738232,787,BUY,757,SELL,1831,95.0
1329039738262,789,SELL,788,BUY,1180,90.0
1329039738262,789,SELL,747,BUY,750,89.0
1329039738306,790,SELL,747,BUY,1233,89.0
1329039738306,790,SELL,296,BUY,292,88.0
1329039738556,795,SELL,793,BUY,2078,89.0
1329039738674,797,SELL,793,BUY,838,89.0
1329039738674,797,SELL,296,BUY,169,88.0
1329039738674,797,SELL,307,BUY,191,88.0
1329039739005,801,SELL,307,BUY,1840,88.0
1329039739061,805,BUY,799,SELL,1169,94.0
1329039739143,807,BUY,799,SELL,1343,94.0
1329039739143,807,BUY,804,SELL,927,94.0
1329039739608,814,SELL,810,BUY,1113,89.0
1329039739608,814,SELL,811,BUY,307,89.0
1329039739670,815,BUY,804,SELL,1689,94.0
1329039739797,816,SELL,811,BUY,2016,89.0
1329039739809,817,BUY,757,SELL,73,95.0
1329039739809,817,BUY,733,SELL,648,96.0
1329039739810,817,BUY,773,SELL,1509,96.0
1329039739810,817,BUY,732,SELL,244,97.0
1329039740045,822,SELL,819,BUY,1558,90.0
1329039740119,823,SELL,819,BUY,681,90.0
1329039740119,823,SELL,811,BUY,446,89.0
1329039740119,823,SELL,307,BUY,354,88.0
1329039740119,823,SELL,403,BUY,1061,88.0
1329039740251,824,BUY,818,SELL,1125,95.0
1329039740277,826,BUY,818,SELL,1540,95.0
1329039740277,826,BUY,821,SELL,7,95.0
1329039740339,829,SELL,825,BUY,1008,89.0
1329039740510,831,SELL,825,BUY,43,89.0
1329039740510,831,SELL,403,BUY,445,88.0
1329039740510,831,SELL,429,BUY,1131,88.0
1329039740642,832,SELL,429,BUY,1273,88.0
1329039740644,833,BUY,827,SELL,1097,94.0
1329039740789,835,BUY,827,SELL,1746,94.0
1329039740789,835,BUY,821,SELL,274,95.0
1329039740805,837,BUY,821,SELL,1862,95.0
1329039740831,839,BUY,821,SELL,26,95.0
1329039740831,839,BUY,732,SELL,1874,97.0
1329039740831,839,BUY,456,SELL,142,98.0
1329039740883,840,SELL,838,BUY,2153,90.0
1329039741170,841,BUY,456,SELL,1287,98.0
1329039741170,841,BUY,466,SELL,10,98.0
1329039741193,843,SELL,842,BUY,2684,91.0
1329039741193,843,SELL,838,BUY,5,90.0
1329039741197,845,BUY,466,SELL,1565,98.0
1329039741319,847,SELL,846,BUY,2677,93.0
1329039741389,848,SELL,846,BUY,130,93.0
1329039741389,848,SELL,844,BUY,1218,92.0
1329039741528,850,BUY,466,SELL,844,98.0
1329039741528,850,BUY,499,SELL,1874,98.0
1329039741653,852,SELL,844,BUY,1493,92.0
1329039741653,852,SELL,851,BUY,1310,92.0
1329039741661,853,BUY,499,SELL,394,98.0
1329039741661,853,BUY,540,SELL,1796,98.0
1329039741661,853,BUY,563,SELL,217,98.0
1329039741902,856,BUY,855,SELL,1099,97.0
1329039741902,856,BUY,563,SELL,997,98.0
1329039741902,856,BUY,619,SELL,13,98.0
1329039741972,858,BUY,619,SELL,1707,98.0
1329039741972,858,BUY,629,SELL,832,98.0
1329039742117,859,BUY,629,SELL,1062,98.0
1329039742117,859,BUY,667,SELL,1194,98.0
1329039742117,859,BUY,686,SELL,740,98.0
1329039742123,860,SELL,851,BUY,1326,92.0
1329039742153,861,BUY,686,SELL,842,98.0
1329039742153,861,BUY,695,SELL,1029,98.0
1329039742180,862,SELL,851,BUY,293,92.0
1329039742180,862,SELL,854,BUY,1905,92.0
1329039742193,863,SELL,854,BUY,1046,92.0
1329039742193,863,SELL,838,BUY,781,90.0
1329039742193,863,SELL,836,BUY,346,89.0
1329039742283,865,BUY,695,SELL,15,98.0
1329039742283,865,BUY,740,SELL,1044,98.0
1329039742286,866,BUY,740,SELL,871,98.0
1329039742286,866,BUY,857,SELL,1127,98.0
1329039742361,867,BUY,857,SELL,1239,98.0
1329039742451,869,BUY,857,SELL,126,98.0
1329039742451,869,BUY,4,SELL,1842,99.0
1329039742519,870,SELL,868,BUY,1353,90.0
1329039742758,873,SELL,871,BUY,1026,91.0
1329039742765,874,SELL,871,BUY,1094,91.0
1329039742765,874,SELL,868,BUY,664,90.0
1329039742881,876,SELL,868,BUY,474,90.0
1329039742881,876,SELL,836,BUY,1531,89.0
1329039743015,881,SELL,879,BUY,1651,90.0
1329039743185,887,SELL,879,BUY,768,90.0
1329039743185,887,SELL,836,BUY,830,89.0
1329039743186,887,SELL,429,BUY,226,88.0
1329039743186,887,SELL,530,BUY,578,88.0
1329039743437,889,SELL,888,BUY,2142,89.0
1329039743437,889,SELL,530,BUY,526,88.0
1329039743437,889,SELL,551,BUY,43,88.0
1329039743497,892,BUY,886,SELL,1869,97.0
1329039743497,892,BUY,877,SELL,655,98.0
1329039743966,902,BUY,895,SELL,1223,95.0
1329039743966,902,BUY,893,SELL,173,96.0
1329039744159,904,SELL,901,BUY,1081,93.0
1329039744300,907,BUY,905,SELL,2026,94.0
1329039744478,910,SELL,901,BUY,47,93.0
1329039744478,910,SELL,899,BUY,1086,92.0
1329039744478,910,SELL,906,BUY,1025,92.0
1329039744567,911,BUY,905,SELL,781,94.0
1329039744567,911,BUY,903,SELL,1173,95.0
1329039744567,911,BUY,893,SELL,558,96.0
1329039745094,920,BUY,918,SELL,1788,94.0
1329039745203,922,SELL,913,BUY,1306,93.0
1329039745203,922,SELL,914,BUY,170,93.0
1329039745247,923,BUY,918,SELL,306,94.0
1329039745247,923,BUY,916,SELL,1038,95.0
1329039745247,923,BUY,921,SELL,322,95.0
1329039745399,928,BUY,926,SELL,2291,94.0
1329039745441,929,BUY,921,SELL,1247,95.0
1329039745542,931,SELL,928,BUY,510,94.0
1329039745542,931,SELL,914,BUY,1071,93.0
1329039745588,932,BUY,921,SELL,724,95.0
1329039745588,932,BUY,893,SELL,1167,96.0
1329039745588,932,BUY,925,SELL,899,96.0
1329039745590,933,BUY,925,SELL,1438,96.0
1329039745590,933,BUY,930,SELL,48,96.0
1329039745849,937,SELL,935,BUY,1633,94.0
1329039745915,939,SELL,935,BUY,740,94.0
1329039745926,940,SELL,914,BUY,620,93.0
1329039745926,940,SELL,924,BUY,384,93.0
1329039745950,942,BUY,939,SELL,359,94.0
1329039745950,942,BUY,934,SELL,1113,95.0
1329039745950,942,BUY,930,SELL,1073,96.0
1329039745954,943,SELL,924,BUY,669,93.0
1329039745954,943,SELL,927,BUY,1404,93.0
1329039745954,943,SELL,906,BUY,83,92.0
1329039745954,943,SELL,894,BUY,544,91.0
1329039746200,947,BUY,946,SELL,1822,95.0
1329039746302,951,BUY,950,SELL,1494,94.0
1329039746302,951,BUY,946,SELL,558,95.0
1329039746623,953,BUY,946,SELL,309,95.0
1329039746623,953,BUY,930,SELL,1105,96.0
1329039746623,953,BUY,896,SELL,830,97.0
1329039746743,957,SELL,954,BUY,2658,94.0
1329039746743,957,SELL,952,BUY,68,93.0
1329039746794,958,BUY,956,SELL,1928,96.0
1329039746808,959,SELL,952,BUY,1518,93.0
1329039747199,964,SELL,960,BUY,2081,94.0
1329039747325,966,SELL,965,BUY,2160,95.0
1329039747325,966,SELL,960,BUY,196,94.0
1329039747511,970,BUY,956,SELL,791,96.0
1329039747511,970,BUY,896,SELL,767,97.0
1329039747511,970,BUY,898,SELL,1095,97.0
1329039747511,970,BUY,908,SELL,12,97.0
1329039747865,974,SELL,960,BUY,405,94.0
1329039747865,974,SELL,952,BUY,1013,93.0
1329039747865,974,SELL,944,BUY,214,92.0
1329039748084,979,BUY,976,SELL,2042,95.0
1329039748215,982,BUY,980,SELL,1836,94.0
1329039748215,982,BUY,976,SELL,791,95.0
1329039748215,982,BUY,972,SELL,256,96.0
1329039748559,988,SELL,986,BUY,2376,95.0
1329039748707,990,BUY,972,SELL,2357,96.0
1329039748707,990,BUY,908,SELL,499,97.0
1329039748779,992,SELL,991,BUY,1413,96.0
1329039748779,992,SELL,986,BUY,153,95.0
1329039749012,994,BUY,908,SELL,872,97.0
1329039749012,994,BUY,877,SELL,396,98.0
1329039749014,995,SELL,986,BUY,459,95.0
1329039749014,995,SELL,985,BUY,953,94.0
1329039749045,996,BUY,877,SELL,44,98.0
1329039749045,996,BUY,900,SELL,1174,98.0
1329039749086,998,SELL,997,BUY,1242,95.0
1329039749086,998,SELL,985,BUY,79,94.0
1329039749164,999,BUY,900,SELL,343,98.0
1329039749164,999,BUY,949,SELL,1277,98.0
1329039749165,999,BUY,4,SELL,311,99.0
1329039749376,1002,BUY,1001,SELL,1870,98.0
1329039749376,1002,BUY,4,SELL,203,99.0
1329039749376,1002,BUY,25,SELL,107,99.0
1329039749471,1004,BUY,25,SELL,1386,99.0
1329039749540,1005,BUY,25,SELL,1193,99.0
1329039749540,1005,BUY,166,SELL,987,99.0
1329039749545,1006,SELL,1003,BUY,2197,95.0
1329039749545,1006,SELL,985,BUY,178,94.0
1329039750064,1014,SELL,1010,BUY,1837,97.0
1329039750064,1014,SELL,1013,BUY,1108,97.0
1329039750069,1015,SELL,1013,BUY,819,97.0
1329039750069,1015,SELL,1009,BUY,2033,96.0
1329039750115,1017,SELL,1009,BUY,6,96.0
1329039750198,1018,BUY,1017,SELL,1807,96.0
1329039750310,1020,SELL,1007,BUY,1614,95.0
1329039750400,1022,SELL,985,BUY,1207,94.0
1329039750420,1023,BUY,1020,SELL,522,95.0
1329039750420,1023,BUY,1017,SELL,602,96.0
1329039750453,1024,BUY,1017,SELL,355,96.0
1329039750453,1024,BUY,1016,SELL,2164,97.0
1329039750523,1025,BUY,1016,SELL,59,97.0
1329039750523,1025,BUY,1012,SELL,1286,98.0
1329039750523,1025,BUY,166,SELL,252,99.0
1329039750523,1025,BUY,248,SELL,951,99.0
1329039750736,1027,BUY,248,SELL,1870,99.0
1329039750736,1027,BUY,401,SELL,255,99.0
1329039750800,1029,SELL,985,BUY,515,94.0
1329039750800,1029,SELL,981,BUY,1620,93.0
1329039750800,1029,SELL,987,BUY,781,93.0
1329039751231,1034,SELL,987,BUY,1733,93.0
1329039751231,1034,SELL,944,BUY,78,92.0
1329039751296,1036,BUY,1032,SELL,1581,98.0
1329039751296,1036,BUY,401,SELL,1410,99.0
1329039751351,1039,BUY,1037,SELL,1526,97.0
1329039751351,1039,BUY,401,SELL,33,99.0
1329039751794,1046,SELL,1044,BUY,1908,93.0
1329039751794,1046,SELL,944,BUY,544,92.0
1329039752036,1051,BUY,1045,SELL,1102,96.0
1329039752115,1053,SELL,1047,BUY,1035,93.0
1329039752116,1053,SELL,944,BUY,1816,92.0
1329039752147,1054,BUY,1052,SELL,1684,95.0
1329039752180,1055,BUY,1052,SELL,1129,95.0
1329039752263,1056,BUY,1052,SELL,81,95.0
1329039752263,1056,BUY,1045,SELL,1270,96.0
1329039752263,1056,BUY,1041,SELL,126,97.0
1329039752638,1063,BUY,1061,SELL,1360,93.0
1329039752658,1064,SELL,944,BUY,212,92.0
1329039752658,1064,SELL,984,BUY,1842,92.0
1329039752669,1065,BUY,1061,SELL,895,93.0
1329039752798,1068,BUY,1060,SELL,1664,94.0
1329039752799,1068,BUY,1067,SELL,476,94.0
1329039752827,1069,BUY,1067,SELL,1591,94.0
1329039752969,1070,BUY,1067,SELL,893,94.0
1329039752969,1070,BUY,1057,SELL,746,95.0
1329039753222,1074,BUY,1073,SELL,2537,94.0
1329039753222,1074,BUY,1057,SELL,103,95.0
1329039753243,1075,SELL,1065,BUY,780,93.0
1329039753243,1075,SELL,984,BUY,848,92.0
1329039753489,1078,BUY,1077,SELL,1163,94.0
1329039753623,1079,BUY,1077,SELL,1639,94.0
1329039753623,1079,BUY,1057,SELL,6,95.0
1329039753671,1081,SELL,984,BUY,217,92.0
1329039753671,1081,SELL,1008,BUY,1235,92.0
1329039753671,1081,SELL,1050,BUY,1332,92.0
1329039753901,1085,SELL,1083,BUY,2200,93.0
1329039753901,1085,SELL,1050,BUY,520,92.0
1329039753918,1086,SELL,1050,BUY,88,92.0
1329039753918,1086,SELL,894,BUY,1579,91.0
1329039753988,1088,SELL,894,BUY,65,91.0
1329039753988,1088,SELL,938,BUY,1698,91.0
1329039754115,1090,BUY,1087,SELL,1027,93.0
1329039754115,1090,BUY,1084,SELL,1524,94.0
1329039754154,1091,BUY,1084,SELL,1200,94.0
1329039754154,1091,BUY,1057,SELL,167,95.0
1329039754341,1094,SELL,1092,BUY,2039,93.0
1329039754535,1096,BUY,1094,SELL,412,93.0
1329039754535,1096,BUY,1093,SELL,2194,94.0
1329039754544,1099,BUY,1093,SELL,13,94.0
1329039754544,1099,BUY,1057,SELL,917,95.0
1329039754544,1099,BUY,1062,SELL,387,95.0
1329039754545,1100,BUY,1062,SELL,1458,95.0
1329039754568,1101,BUY,1062,SELL,703,95.0
1329039754568,1101,BUY,1059,SELL,1111,96.0
1329039754875,1107,BUY,1105,SELL,1185,95.0
1329039754875,1107,BUY,1059,SELL,231,96.0
1329039754903,1109,BUY,1059,SELL,1271,96.0
1329039754990,1110,SELL,1108,BUY,1182,95.0
1329039754990,1110,SELL,1103,BUY,830,94.0
1329039755207,1111,BUY,1059,SELL,157,96.0
1329039755207,1111,BUY,1082,SELL,1758,96.0
1329039755207,1111,BUY,1041,SELL,370,97.0
1329039755242,1113,BUY,1041,SELL,1660,97.0
1329039755356,1115,BUY,1114,SELL,2614,96.0
1329039755367,1116,BUY,1114,SELL,220,96.0
1329039755367,1116,BUY,1041,SELL,198,97.0
1329039755367,1116,BUY,1066,SELL,1016,97.0
1329039755666,1118,SELL,1103,BUY,572,94.0
1329039755666,1118,SELL,1098,BUY,2016,93.0
1329039755764,1122,BUY,1066,SELL,37,97.0
1329039755764,1122,BUY,1112,SELL,1583,97.0
1329039756261,1129,BUY,1112,SELL,596,97.0
1329039756261,1129,BUY,1117,SELL,1047,97.0
1329039756339,1131,SELL,1124,BUY,1455,96.0
1329039756385,1132,BUY,1117,SELL,1050,97.0
1329039756385,1132,BUY,1040,SELL,601,98.0
1329039756439,1134,SELL,1133,BUY,1578,97.0
1329039756532,1136,BUY,1134,SELL,1053,97.0
1329039756575,1137,SELL,1124,BUY,895,96.0
1329039756575,1137,SELL,1123,BUY,255,95.0
1329039756840,1138,BUY,1134,SELL,326,97.0
1329039756840,1138,BUY,1040,SELL,686,98.0
1329039757146,1145,SELL,1123,BUY,1780,95.0
1329039757161,1146,SELL,1123,BUY,110,95.0
1329039757161,1146,SELL,1140,BUY,2330,95.0
1329039757161,1146,SELL,1120,BUY,453,94.0
1329039757228,1147,BUY,1142,SELL,1049,97.0
1329039757248,1148,BUY,1142,SELL,605,97.0
1329039757248,1148,BUY,1144,SELL,649,97.0
1329039757274,1149,SELL,1120,BUY,2126,94.0
1329039757292,1150,SELL,1120,BUY,34,94.0
1329039757292,1150,SELL,1130,BUY,1389,94.0
1329039757292,1150,SELL,1098,BUY,815,93.0
1329039757292,1150,SELL,1106,BUY,137,93.0
1329039757625,1156,SELL,1151,BUY,1669,94.0
1329039757755,1158,BUY,1152,SELL,1854,96.0
1329039757764,1159,BUY,1152,SELL,79,96.0
1329039757764,1159,BUY,1144,SELL,1587,97.0
1329039757764,1159,BUY,1040,SELL,150,98.0
1329039757764,1159,BUY,1049,SELL,432,98.0
1329039758070,1163,SELL,1151,BUY,300,94.0
1329039758070,1163,SELL,1154,BUY,768,94.0
1329039758070,1164,SELL,1154,BUY,1119,94.0
1329039758304,1168,SELL,1165,BUY,1460,95.0
1329039758363,1169,SELL,1165,BUY,1077,95.0
1329039758392,1170,BUY,1049,SELL,1429,98.0
1329039758650,1174,SELL,1165,BUY,372,95.0
1329039758650,1174,SELL,1154,BUY,125,94.0
1329039758650,1174,SELL,1167,BUY,1418,94.0
1329039758650,1174,SELL,1173,BUY,607,94.0
1329039758688,1176,SELL,1173,BUY,1035,94.0
1329039758688,1176,SELL,1106,BUY,1017,93.0
1329039758775,1177,BUY,1175,SELL,2069,96.0
1329039759126,1184,BUY,1175,SELL,500,96.0
1329039759270,1186,BUY,1172,SELL,1005,97.0
1329039759270,1186,BUY,1185,SELL,641,97.0
1329039759304,1187,SELL,1184,BUY,1602,96.0
1329039759307,1188,SELL,1183,BUY,1062,95.0
1329039759331,1189,BUY,1187,SELL,95,96.0
1329039759341,1190,BUY,1185,SELL,1505,97.0
1329039759391,1191,SELL,1189,BUY,1433,96.0
1329039759479,1192,SELL,1183,BUY,124,95.0
1329039759479,1192,SELL,1182,BUY,2572,94.0
1329039759523,1194,SELL,1182,BUY,115,94.0
1329039759523,1194,SELL,1106,BUY,816,93.0
1329039759523,1194,SELL,1135,BUY,458,93.0
1329039759965,1200,BUY,1199,SELL,1955,95.0
1329039759981,1201,SELL,1196,BUY,1393,94.0
1329039759981,1201,SELL,1197,BUY,7,94.0
1329039760276,1205,SELL,1197,BUY,1846,94.0
1329039760364,1206,SELL,1197,BUY,432,94.0
1329039760364,1206,SELL,1198,BUY,1899,94.0
1329039760380,1207,SELL,1198,BUY,187,94.0
1329039760380,1207,SELL,1135,BUY,1435,93.0
1329039760380,1207,SELL,1195,BUY,1008,93.0
1329039760440,1209,SELL,1208,BUY,2108,94.0
1329039760453,1210,BUY,1209,SELL,506,94.0
1329039760453,1210,BUY,1199,SELL,874,95.0
1329039760453,1210,BUY,1191,SELL,824,96.0
1329039760453,1210,BUY,1185,SELL,93,97.0
1329039760668,1214,SELL,1213,BUY,2552,94.0
1329039760728,1215,BUY,1212,SELL,1155,96.0
1329039760795,1218,BUY,1212,SELL,180,96.0
1329039760795,1218,BUY,1185,SELL,473,97.0
1329039760795,1218,BUY,1049,SELL,114,98.0
1329039760795,1218,BUY,1126,SELL,941,98.0
1329039761191,1223,BUY,1221,SELL,1485,97.0
1329039761193,1224,SELL,1222,BUY,2013,96.0
1329039761283,1226,SELL,1222,BUY,623,96.0
1329039761488,1228,SELL,1220,BUY,1456,95.0
1329039761488,1228,SELL,1225,BUY,7,95.0
1329039761538,1229,BUY,1226,SELL,1081,96.0
1329039761538,1229,BUY,1221,SELL,1059,97.0
1329039761633,1232,BUY,1221,SELL,430,97.0
1329039761633,1232,BUY,1126,SELL,832,98.0
1329039761633,1232,BUY,1204,SELL,800,98.0
1329039761980,1235,SELL,1234,BUY,1679,97.0
1329039761989,1236,BUY,1235,SELL,862,97.0
1329039762039,1237,SELL,1236,BUY,1091,97.0
1329039762189,1240,SELL,1233,BUY,1797,96.0
1329039762189,1240,SELL,1238,BUY,224,96.0
1329039762208,1241,SELL,1238,BUY,2292,96.0
1329039762340,1245,SELL,1238,BUY,405,96.0
1329039762340,1245,SELL,1225,BUY,1093,95.0
1329039762340,1245,SELL,1213,BUY,40,94.0
1329039762340,1245,SELL,1195,BUY,1175,93.0
1329039762509,1248,BUY,1246,SELL,1720,96.0
1329039762509,1248,BUY,1237,SELL,1109,97.0
1329039763531,1262,BUY,1260,SELL,1420,94.0
1329039763564,1264,BUY,1260,SELL,1127,94.0
1329039763564,1264,BUY,1255,SELL,1552,95.0
1329039763823,1267,SELL,1195,BUY,7,93.0
1329039763823,1267,SELL,1244,BUY,2335,93.0
1329039763869,1268,BUY,1266,SELL,1223,94.0
1329039763878,1269,BUY,1255,SELL,1199,95.0
1329039763918,1270,BUY,1249,SELL,1590,96.0
1329039763918,1270,BUY,1254,SELL,233,96.0
1329039763931,1271,SELL,1269,BUY,1362,95.0
1329039763932,1271,SELL,1268,BUY,324,94.0
1329039763932,1271,SELL,1244,BUY,87,93.0
1329039764089,1272,BUY,1254,SELL,1556,96.0
1329039764309,1275,SELL,1274,BUY,1932,94.0
1329039764343,1276,BUY,1273,SELL,2287,95.0
1329039764348,1277,BUY,1273,SELL,712,95.0
1329039764516,1281,BUY,1254,SELL,763,96.0
1329039764516,1281,BUY,1279,SELL,948,96.0
1329039764536,1282,SELL,1277,BUY,424,95.0
1329039764536,1282,SELL,1274,BUY,617,94.0
1329039764536,1282,SELL,1244,BUY,339,93.0
1329039764536,1282,SELL,1257,BUY,1259,93.0
1329039764568,1283,SELL,1257,BUY,657,93.0
1329039764568,1283,SELL,1278,BUY,974,93.0
1329039764670,1285,SELL,1278,BUY,529,93.0
1329039764670,1285,SELL,1089,BUY,1826,92.0
1329039764670,1285,SELL,1097,BUY,93,92.0
1329039765266,1296,SELL,1292,BUY,1841,94.0
1329039765266,1296,SELL,1286,BUY,715,93.0
1329039765399,1297,SELL,1286,BUY,1632,93.0
1329039765399,1297,SELL,1097,BUY,75,92.0
1329039765399,1298,SELL,1097,BUY,1338,92.0
1329039765664,1304,BUY,1301,SELL,1799,94.0
1329039765664,1304,BUY,1288,SELL,531,95.0
1329039765795,1307,SELL,1306,BUY,1934,94.0
1329039765808,1308,SELL,1306,BUY,369,94.0
1329039765808,1308,SELL,1299,BUY,2566,93.0
1329039765830,1309,BUY,1288,SELL,1921,95.0
1329039765830,1309,BUY,1289,SELL,838,95.0
1329039766003,1312,BUY,1311,SELL,2004,94.0
1329039766017,1313,SELL,1312,BUY,408,94.0
1329039766017,1313,SELL,1299,BUY,1,93.0
1329039766017,1313,SELL,1303,BUY,1287,93.0
1329039766089,1314,SELL,1303,BUY,471,93.0
1329039766089,1314,SELL,1097,BUY,472,92.0
1329039766090,1314,SELL,1193,BUY,1514,92.0
1329039766148,1316,SELL,1193,BUY,1388,92.0
1329039766258,1319,SELL,1317,BUY,1227,93.0
1329039766270,1320,SELL,1317,BUY,72,93.0
1329039766531,1325,SELL,1193,BUY,82,92.0
1329039766531,1325,SELL,1202,BUY,1440,92.0
1329039766543,1326,BUY,1320,SELL,1141,93.0
1329039766571,1327,BUY,1318,SELL,2849,94.0
1329039766571,1327,BUY,1289,SELL,41,95.0
1329039766720,1329,SELL,1328,BUY,2512,94.0
1329039766720,1329,SELL,1326,BUY,369,93.0
1329039766796,1330,BUY,1289,SELL,1022,95.0
1329039766796,1330,BUY,1293,SELL,1007,95.0
1329039766893,1333,BUY,1332,SELL,1623,94.0
1329039766893,1333,BUY,1293,SELL,940,95.0
1329039766893,1333,BUY,1279,SELL,417,96.0
1329039767090,1336,SELL,1335,BUY,1259,94.0
1329039767109,1337,SELL,1335,BUY,643,94.0
1329039767109,1337,SELL,1326,BUY,1006,93.0
1329039767109,1337,SELL,1202,BUY,159,92.0
1329039767109,1337,SELL,1243,BUY,345,92.0
1329039767335,1342,BUY,1340,SELL,1150,94.0
1329039767392,1344,BUY,1340,SELL,585,94.0
1329039767512,1345,SELL,1344,BUY,1276,94.0
1329039767622,1347,BUY,1345,SELL,324,94.0
1329039767622,1347,BUY,1346,SELL,2397,94.0
1329039767647,1349,BUY,1338,SELL,2872,95.0
1329039767795,1350,SELL,1347,BUY,36,94.0
1329039767807,1351,BUY,1350,SELL,1275,94.0
1329039767888,1352,SELL,1341,BUY,1645,93.0
1329039768038,1353,SELL,1243,BUY,1309,92.0
1329039768116,1354,BUY,1352,SELL,384,93.0
1329039768116,1354,BUY,1350,SELL,241,94.0
1329039768116,1354,BUY,1338,SELL,124,95.0
1329039768116,1354,BUY,1279,SELL,1120,96.0
1329039768116,1354,BUY,1287,SELL,371,96.0
1329039768125,1355,BUY,1287,SELL,1420,96.0
1329039768125,1355,BUY,1324,SELL,185,96.0
1329039768768,1366,SELL,1243,BUY,388,92.0
1329039768768,1366,SELL,1295,BUY,966,92.0
1329039768821,1367,BUY,1361,SELL,1720,94.0
1329039768821,1367,BUY,1364,SELL,36,94.0
1329039768835,1368,BUY,1364,SELL,1565,94.0
1329039768879,1369,BUY,1364,SELL,1016,94.0
1329039768879,1369,BUY,1356,SELL,1224,95.0
1329039768879,1369,BUY,1363,SELL,158,95.0
1329039769307,1374,BUY,1373,SELL,2143,94.0
1329039769352,1375,SELL,1371,BUY,2369,93.0
1329039769406,1376,BUY,1373,SELL,88,94.0
1329039769455,1377,BUY,1363,SELL,2140,95.0
1329039769647,1378,BUY,1363,SELL,206,95.0
1329039769647,1378,BUY,1324,SELL,2268,96.0
1329039769790,1381,BUY,1324,SELL,153,96.0
1329039769790,1381,BUY,1237,SELL,261,97.0
1329039769790,1381,BUY,1239,SELL,1262,97.0
1329039769790,1381,BUY,1280,SELL,1013,97.0
1329039769793,1382,SELL,1379,BUY,2031,95.0
1329039769953,1385,SELL,1376,BUY,1731,94.0
1329039769964,1386,SELL,1371,BUY,626,93.0
1329039770045,1387,BUY,1386,SELL,1204,93.0
1329039770100,1388,BUY,1385,SELL,1027,94.0
1329039770100,1388,BUY,1382,SELL,555,95.0
1329039770100,1388,BUY,1280,SELL,139,97.0
1329039770106,1389,SELL,1387,BUY,244,93.0
1329039770113,1391,SELL,1295,BUY,1432,92.0
1329039770113,1391,SELL,1302,BUY,116,92.0
1329039770113,1392,SELL,1302,BUY,1116,92.0
1329039770191,1393,SELL,1302,BUY,128,92.0
1329039770191,1393,SELL,1321,BUY,1210,92.0
1329039770191,1393,SELL,1322,BUY,130,92.0
1329039770364,1395,SELL,1322,BUY,1055,92.0
1329039770460,1396,BUY,1389,SELL,2210,93.0
1329039770560,1399,SELL,1396,BUY,315,93.0
1329039770560,1399,SELL,1322,BUY,1598,92.0
1329039770560,1399,SELL,938,BUY,563,91.0
1329039770578,1401,BUY,1400,SELL,1703,95.0
1329039770656,1402,SELL,938,BUY,35,91.0
1329039770656,1402,SELL,977,BUY,1055,91.0
1329039770656,1402,SELL,1035,BUY,1082,91.0
1329039770774,1405,SELL,1035,BUY,727,91.0
1329039770774,1405,SELL,1121,BUY,588,91.0
1329039770869,1407,SELL,1121,BUY,644,91.0
1329039770869,1407,SELL,1155,BUY,2147,91.0
1329039770873,1408,SELL,1155,BUY,332,91.0
1329039770873,1408,SELL,1160,BUY,1213,91.0
1329039770873,1408,SELL,1230,BUY,944,91.0
1329039770958,1409,SELL,1230,BUY,1542,91.0
1329039770958,1409,SELL,1242,BUY,785,91.0
1329039771380,1415,SELL,1413,BUY,1008,92.0
1329039771403,1417,SELL,1413,BUY,1553,92.0
1329039771479,1419,BUY,1417,SELL,911,92.0
1329039771509,1420,BUY,1414,SELL,1607,93.0
1329039771509,1420,BUY,1418,SELL,1220,93.0
1329039771665,1421,BUY,1418,SELL,991,93.0
1329039771665,1421,BUY,1410,SELL,1541,94.0
1329039771703,1422,BUY,1410,SELL,661,94.0
1329039771703,1422,BUY,1400,SELL,1167,95.0
1329039771703,1422,BUY,1398,SELL,1143,96.0
1329039771726,1423,BUY,1398,SELL,575,96.0
1329039771726,1423,BUY,1406,SELL,501,96.0
1329039771757,1424,BUY,1406,SELL,504,96.0
1329039771757,1424,BUY,1280,SELL,1311,97.0
1329039771757,1424,BUY,1372,SELL,38,97.0
1329039771957,1428,BUY,1427,SELL,2597,95.0
1329039772011,1429,SELL,1425,BUY,1554,93.0
1329039772159,1431,BUY,1430,SELL,2333,94.0
1329039772159,1431,BUY,1427,SELL,199,95.0
1329039772159,1431,BUY,1426,SELL,289,96.0
1329039772468,1435,SELL,1434,BUY,1885,94.0
1329039772496,1436,SELL,1425,BUY,1374,93.0
1329039772574,1437,BUY,1435,SELL,703,94.0
1329039772574,1437,BUY,1433,SELL,1911,95.0
1329039772595,1439,BUY,1433,SELL,467,95.0
1329039772595,1439,BUY,1426,SELL,2455,96.0
1329039772765,1442,SELL,1440,BUY,1772,94.0
1329039772826,1445,SELL,1440,BUY,670,94.0
1329039772826,1445,SELL,1443,BUY,978,94.0
1329039772864,1446,SELL,1443,BUY,611,94.0
1329039772864,1446,SELL,1425,BUY,47,93.0
1329039772864,1446,SELL,1419,BUY,1191,92.0
1329039773015,1447,SELL,1419,BUY,135,92.0
1329039773015,1447,SELL,1242,BUY,1882,91.0
1329039773015,1447,SELL,1251,BUY,596,91.0
1329039773081,1448,BUY,1426,SELL,253,96.0
1329039773081,1448,BUY,1372,SELL,1415,97.0
1329039773414,1455,SELL,1451,BUY,2129,92.0
1329039773414,1455,SELL,1251,BUY,97,91.0
1329039773800,1462,BUY,1460,SELL,1492,94.0
1329039773847,1464,BUY,1463,SELL,2136,93.0
1329039773941,1466,BUY,1460,SELL,223,94.0
1329039773941,1466,BUY,1459,SELL,1532,95.0
1329039774348,1472,BUY,1471,SELL,2554,94.0
1329039774429,1473,BUY,1471,SELL,187,94.0
1329039774429,1473,BUY,1459,SELL,434,95.0
1329039774429,1473,BUY,1456,SELL,1126,96.0
1329039774448,1474,SELL,1464,BUY,633,93.0
1329039774448,1474,SELL,1458,BUY,2093,92.0
1329039774857,1480,SELL,1476,BUY,1797,93.0
1329039774911,1482,BUY,1479,SELL,1060,94.0
1329039774934,1483,BUY,1479,SELL,411,94.0
1329039775160,1487,BUY,1478,SELL,1285,95.0
1329039775256,1488,SELL,1483,BUY,1851,94.0
1329039775256,1488,SELL,1476,BUY,917,93.0
1329039775278,1489,SELL,1476,BUY,34,93.0
1329039775278,1489,SELL,1458,BUY,695,92.0
1329039775278,1489,SELL,1469,BUY,1043,92.0
1329039775279,1489,SELL,1484,BUY,329,92.0
1329039775310,1490,BUY,1478,SELL,895,95.0
1329039775310,1490,BUY,1456,SELL,925,96.0
1329039775310,1490,BUY,1372,SELL,314,97.0
1329039775749,1496,BUY,1495,SELL,1563,94.0
1329039775749,1496,BUY,1494,SELL,909,95.0
1329039775967,1499,BUY,1494,SELL,1821,95.0
1329039775997,1500,BUY,1493,SELL,1871,96.0
1329039776256,1503,SELL,1499,BUY,183,95.0
1329039776261,1504,BUY,1503,SELL,1709,95.0
1329039776267,1506,SELL,1498,BUY,1706,94.0
1329039776300,1507,SELL,1492,BUY,1513,93.0
1329039776396,1508,BUY,1506,SELL,12,94.0
1329039776396,1508,BUY,1503,SELL,994,95.0
1329039776396,1508,BUY,1493,SELL,603,96.0
1329039776397,1508,BUY,1372,SELL,38,97.0
1329039776675,1512,SELL,1492,BUY,801,93.0
1329039776675,1512,SELL,1484,BUY,963,92.0
1329039776675,1513,BUY,1510,SELL,1431,96.0
1329039776705,1514,BUY,1510,SELL,910,96.0
1329039776705,1514,BUY,1372,SELL,720,97.0
1329039776705,1514,BUY,1380,SELL,194,97.0
1329039777130,1519,SELL,1516,BUY,1617,93.0
1329039777130,1520,SELL,1516,BUY,669,93.0
1329039777130,1520,SELL,1484,BUY,292,92.0
1329039777130,1520,SELL,1497,BUY,546,92.0
1329039777142,1521,SELL,1497,BUY,1051,92.0
1329039777164,1523,BUY,1517,SELL,2410,96.0
1329039777286,1527,BUY,1524,SELL,2359,95.0
1329039777286,1527,BUY,1517,SELL,126,96.0
1329039777286,1527,BUY,1380,SELL,480,97.0
1329039777475,1529,SELL,1528,BUY,1017,93.0
1329039777475,1529,SELL,1497,BUY,272,92.0
1329039777610,1532,BUY,1380,SELL,1437,97.0
1329039777610,1532,BUY,1390,SELL,1363,97.0
1329039777622,1534,BUY,1390,SELL,1107,97.0
1329039777622,1534,BUY,1441,SELL,459,97.0
1329039777730,1536,BUY,1535,SELL,1874,96.0
1329039777730,1536,BUY,1441,SELL,555,97.0
1329039777745,1537,BUY,1441,SELL,1941,97.0
1329039777745,1537,BUY,1444,SELL,154,97.0
1329039777779,1538,BUY,1444,SELL,2158,97.0
1329039777865,1539,SELL,1530,BUY,1611,93.0
1329039778105,1546,BUY,1544,SELL,1233,96.0
1329039778105,1546,BUY,1444,SELL,424,97.0
1329039778325,1549,SELL,1543,BUY,1188,95.0
1329039778329,1550,SELL,1543,BUY,1558,95.0
1329039778329,1550,SELL,1541,BUY,253,94.0
1329039778556,1555,BUY,1554,SELL,1820,96.0
1329039778556,1555,BUY,1444,SELL,65,97.0
1329039778557,1555,BUY,1457,SELL,1107,97.0
1329039778661,1558,BUY,1557,SELL,1897,96.0
1329039778815,1561,SELL,1541,BUY,2157,94.0
1329039778878,1563,BUY,1557,SELL,963,96.0
1329039778878,1563,BUY,1457,SELL,877,97.0
1329039778878,1563,BUY,1204,SELL,811,98.0
1329039778878,1563,BUY,1211,SELL,140,98.0
1329039778882,1564,SELL,1562,BUY,1448,95.0
1329039779004,1567,BUY,1211,SELL,896,98.0
1329039779004,1567,BUY,1284,SELL,1742,98.0
1329039779336,1573,SELL,1562,BUY,363,95.0
1329039779336,1573,SELL,1541,BUY,572,94.0
1329039779336,1573,SELL,1568,BUY,691,94.0
1329039779753,1580,BUY,1576,SELL,1258,96.0
1329039779753,1580,BUY,1577,SELL,1566,96.0
1329039779819,1582,SELL,1575,BUY,1277,95.0
1329039779889,1583,SELL,1575,BUY,1046,95.0
1329039779889,1583,SELL,1568,BUY,1710,94.0
1329039780056,1584,BUY,1577,SELL,695,96.0
1329039780056,1584,BUY,1570,SELL,1539,97.0
1329039780138,1586,BUY,1585,SELL,1690,95.0
1329039780315,1588,BUY,1570,SELL,1378,97.0
1329039780315,1588,BUY,1587,SELL,1214,97.0
1329039780315,1588,BUY,1284,SELL,153,98.0
1329039780318,1590,BUY,1284,SELL,869,98.0
1329039780318,1590,BUY,1291,SELL,1193,98.0
1329039780457,1592,SELL,1589,BUY,1953,96.0
1329039780588,1593,SELL,1586,BUY,193,95.0
1329039780588,1593,SELL,1568,BUY,459,94.0
1329039780588,1593,SELL,1571,BUY,1174,94.0
1329039780589,1594,BUY,1592,SELL,179,96.0
1329039780589,1594,BUY,1591,SELL,1231,97.0
1329039780589,1594,BUY,1291,SELL,46,98.0
1329039780756,1598,SELL,1571,BUY,1806,94.0
1329039780756,1598,SELL,1530,BUY,588,93.0
1329039780756,1598,SELL,1497,BUY,63,92.0
1329039780756,1598,SELL,1569,BUY,181,92.0
1329039780757,1599,SELL,1569,BUY,1916,92.0
1329039780807,1600,SELL,1569,BUY,195,92.0
1329039780807,1600,SELL,1251,BUY,2072,91.0
1329039780807,1600,SELL,1261,BUY,265,91.0
1329039780813,1601,BUY,1596,SELL,2476,96.0
1329039780813,1601,BUY,1595,SELL,420,97.0
1329039780830,1602,SELL,1261,BUY,1307,91.0
1329039780830,1602,SELL,1331,BUY,920,91.0
1329039780988,1604,SELL,1331,BUY,1932,91.0
1329039780988,1604,SELL,1357,BUY,547,91.0
1329039781063,1605,BUY,1603,SELL,1759,96.0
1329039781230,1608,SELL,1357,BUY,1102,91.0
1329039781230,1608,SELL,1411,BUY,569,91.0
1329039781345,1611,SELL,1411,BUY,761,91.0
1329039781345,1611,SELL,1453,BUY,1335,91.0
1329039781363,1612,SELL,1453,BUY,863,91.0
1329039781363,1612,SELL,1468,BUY,1603,91.0
1329039781775,1619,SELL,1468,BUY,469,91.0
1329039781775,1619,SELL,1609,BUY,760,91.0
1329039782021,1623,SELL,1622,BUY,1900,92.0
1329039782200,1629,BUY,1623,SELL,192,92.0
1329039782228,1630,BUY,1620,SELL,2129,93.0
1329039782264,1631,SELL,1629,BUY,2296,92.0
1329039782264,1631,SELL,1609,BUY,620,91.0
1329039782312,1633,BUY,1620,SELL,307,93.0
1329039782312,1633,BUY,1624,SELL,1538,93.0
1329039782312,1633,BUY,1616,SELL,163,94.0
1329039782642,1638,BUY,1637,SELL,1830,93.0
1329039782671,1639,SELL,1632,BUY,2027,92.0
1329039782752,1643,BUY,1639,SELL,536,92.0
1329039782842,1644,SELL,1643,BUY,1360,92.0
1329039782865,1646,SELL,1643,BUY,217,92.0
1329039782908,1647,SELL,1609,BUY,913,91.0
1329039782963,1649,BUY,1647,SELL,1539,91.0
1329039782963,1649,BUY,1646,SELL,922,92.0
1329039782963,1649,BUY,1637,SELL,108,93.0
1329039782963,1649,BUY,1616,SELL,190,94.0
1329039783329,1655,SELL,890,BUY,2245,90.0
1329039783473,1658,BUY,1654,SELL,1372,91.0
1329039783522,1659,BUY,1654,SELL,381,91.0
1329039783522,1659,BUY,1656,SELL,625,91.0
1329039783522,1660,SELL,890,BUY,10,90.0
1329039783522,1660,SELL,919,BUY,1437,90.0
1329039783523,1661,SELL,919,BUY,272,90.0
1329039783523,1661,SELL,945,BUY,1030,90.0
1329039783567,1662,BUY,1656,SELL,1305,91.0
1329039783622,1663,SELL,945,BUY,308,90.0
1329039783622,1663,SELL,975,BUY,1718,90.0
1329039783768,1664,BUY,1656,SELL,20,91.0
1329039783768,1664,BUY,1650,SELL,1443,92.0
1329039783768,1664,BUY,1616,SELL,907,94.0
1329039783768,1664,BUY,1617,SELL,292,94.0
1329039784003,1668,SELL,975,BUY,1227,90.0
1329039784003,1668,SELL,989,BUY,1125,90.0
1329039784008,1669,SELL,989,BUY,996,90.0
1329039784008,1669,SELL,1026,BUY,1467,90.0
1329039784008,1669,SELL,1058,BUY,190,90.0
1329039784552,1680,BUY,1678,SELL,1076,93.0
1329039784552,1680,BUY,1617,SELL,1153,94.0
1329039784558,1681,SELL,1671,BUY,2397,92.0
1329039784921,1685,BUY,1617,SELL,687,94.0
1329039784921,1685,BUY,1628,SELL,882,94.0
1329039785080,1688,SELL,1683,BUY,1654,93.0
1329039785081,1689,BUY,1688,SELL,11,93.0
1329039785081,1689,BUY,1628,SELL,1031,94.0
1329039785081,1689,BUY,1635,SELL,1184,94.0
1329039785144,1691,BUY,1635,SELL,425,94.0
1329039785314,1693,SELL,1691,BUY,1732,94.0
1329039785351,1694,BUY,1693,SELL,461,94.0
1329039785351,1694,BUY,1610,SELL,1635,95.0
1329039785462,1699,BUY,1610,SELL,1040,95.0
1329039785462,1699,BUY,1675,SELL,597,95.0
1329039785481,1700,SELL,1695,BUY,1519,94.0
1329039785629,1702,SELL,1695,BUY,464,94.0
1329039785629,1702,SELL,1696,BUY,902,94.0
1329039785646,1703,BUY,1675,SELL,2382,95.0
1329039785646,1703,BUY,1603,SELL,46,96.0
1329039785646,1703,BUY,1657,SELL,150,96.0
1329039785836,1706,BUY,1704,SELL,2374,95.0
1329039785865,1707,BUY,1657,SELL,1074,96.0
1329039785995,1708,BUY,1657,SELL,553,96.0
1329039785995,1708,BUY,1667,SELL,1022,96.0
1329039786076,1709,BUY,1595,SELL,947,97.0
1329039786076,1709,BUY,1615,SELL,195,97.0
1329039786081,1710,BUY,1615,SELL,980,97.0
1329039786081,1710,BUY,1653,SELL,209,97.0
1329039786181,1712,SELL,1708,BUY,33,96.0
1329039786199,1713,SELL,1706,BUY,450,95.0
1329039786199,1713,SELL,1696,BUY,325,94.0
1329039786199,1713,SELL,1690,BUY,634,93.0
1329039786299,1715,SELL,1690,BUY,2239,93.0
1329039786299,1715,SELL,1692,BUY,631,93.0
1329039786340,1718,BUY,1717,SELL,1504,95.0
1329039786340,1718,BUY,1712,SELL,988,96.0
1329039786564,1720,SELL,1692,BUY,1038,93.0
1329039786564,1720,SELL,1697,BUY,1061,93.0
1329039786775,1725,SELL,1721,BUY,1425,94.0
1329039786775,1725,SELL,1697,BUY,764,93.0
1329039787054,1728,SELL,1697,BUY,998,93.0
1329039787054,1728,SELL,1671,BUY,368,92.0
1329039787054,1728,SELL,1670,BUY,287,91.0
1329039787503,1735,SELL,1732,BUY,1429,92.0
1329039787512,1736,SELL,1670,BUY,1491,91.0
1329039787512,1736,SELL,1674,BUY,584,91.0
1329039787680,1738,BUY,1735,SELL,386,92.0
1329039787712,1739,BUY,1734,SELL,1675,93.0
1329039787712,1739,BUY,1737,SELL,311,93.0
1329039787727,1740,BUY,1737,SELL,1008,93.0
1329039787727,1740,BUY,1733,SELL,1218,94.0
1329039787833,1743,BUY,1742,SELL,1710,93.0
1329039787833,1743,BUY,1733,SELL,628,94.0
1329039787851,1745,SELL,1738,BUY,1168,92.0
1329039787862,1746,SELL,1674,BUY,1025,91.0
1329039788065,1747,BUY,1745,SELL,1126,92.0
1329039788073,1749,SELL,1747,BUY,1128,92.0
1329039788252,1752,SELL,1674,BUY,1308,91.0
1329039788252,1752,SELL,1676,BUY,13,91.0
1329039788433,1754,SELL,1676,BUY,1336,91.0
1329039788441,1755,BUY,1749,SELL,154,92.0
1329039788441,1755,BUY,1744,SELL,1375,93.0
1329039788613,1758,BUY,1744,SELL,871,93.0
1329039788613,1758,BUY,1733,SELL,540,94.0
1329039788613,1758,BUY,1756,SELL,1028,94.0
1329039788835,1760,BUY,1756,SELL,84,94.0
1329039788835,1760,BUY,1727,SELL,1257,95.0
1329039788847,1762,BUY,1727,SELL,993,95.0
1329039788847,1762,BUY,1712,SELL,2,96.0
1329039788847,1762,BUY,1723,SELL,439,96.0
1329039789006,1767,SELL,1766,BUY,1040,94.0
1329039789006,1767,SELL,1764,BUY,1025,93.0
1329039789164,1771,BUY,1769,SELL,1259,95.0
1329039789164,1771,BUY,1770,SELL,368,95.0
1329039789168,1772,BUY,1770,SELL,1029,95.0
1329039789168,1772,BUY,1723,SELL,606,96.0
1329039789301,1776,SELL,1764,BUY,978,93.0
1329039789629,1779,SELL,1763,BUY,1022,92.0
1329039789633,1780,BUY,1776,SELL,569,93.0
1329039789633,1780,BUY,1775,SELL,1138,94.0
1329039789731,1782,BUY,1775,SELL,664,94.0
1329039789946,1787,BUY,1773,SELL,1151,95.0
1329039790055,1788,BUY,1773,SELL,527,95.0
1329039790055,1788,BUY,1723,SELL,1551,96.0
1329039790175,1791,BUY,1723,SELL,73,96.0
1329039790175,1791,BUY,1790,SELL,1276,96.0
1329039790176,1792,SELL,1789,BUY,1566,95.0
1329039790353,1794,SELL,1789,BUY,96,95.0
1329039790353,1794,SELL,1782,BUY,1303,94.0
1329039790364,1795,BUY,1790,SELL,1318,96.0
1329039790364,1795,BUY,1653,SELL,1616,97.0
1329039790526,1798,SELL,1796,BUY,1701,95.0
1329039790544,1799,BUY,1798,SELL,662,95.0
1329039790544,1799,BUY,1797,SELL,1878,96.0
1329039790809,1801,BUY,1800,SELL,1516,95.0
1329039790919,1803,SELL,1782,BUY,462,94.0
1329039790919,1803,SELL,1781,BUY,1881,93.0
1329039791069,1805,BUY,1800,SELL,1343,95.0
1329039791208,1806,SELL,1805,BUY,337,95.0
1329039791208,1806,SELL,1804,BUY,979,94.0
1329039791311,1808,BUY,1797,SELL,1109,96.0
1329039791311,1808,BUY,1653,SELL,712,97.0
1329039791311,1808,BUY,1677,SELL,139,97.0
1329039791402,1809,BUY,1677,SELL,1188,97.0
1329039791435,1811,BUY,1810,SELL,1082,96.0
1329039791494,1814,SELL,1807,BUY,1641,95.0
1329039791494,1814,SELL,1804,BUY,59,94.0
1329039791752,1817,BUY,1810,SELL,563,96.0
1329039791752,1817,BUY,1677,SELL,138,97.0
1329039791752,1817,BUY,1682,SELL,1065,97.0
1329039791752,1817,BUY,1759,SELL,505,97.0
1329039791831,1820,BUY,1819,SELL,1338,95.0
1329039791866,1821,SELL,1820,BUY,436,95.0
1329039791866,1821,SELL,1804,BUY,1804,94.0
1329039792065,1824,BUY,1822,SELL,1952,95.0
1329039792091,1826,SELL,1804,BUY,103,94.0
1329039792091,1826,SELL,1781,BUY,764,93.0
1329039792091,1826,SELL,1802,BUY,929,93.0
1329039792094,1827,SELL,1802,BUY,260,93.0
1329039792094,1827,SELL,1763,BUY,1029,92.0
1329039792094,1827,SELL,1812,BUY,21,92.0
1329039792104,1828,SELL,1812,BUY,1807,92.0
1329039792104,1828,SELL,1813,BUY,654,92.0
1329039792136,1829,BUY,1822,SELL,1032,95.0
1329039792136,1829,BUY,1823,SELL,1441,95.0
1329039792407,1833,SELL,1832,BUY,1676,93.0
1329039792434,1834,BUY,1833,SELL,1157,93.0
1329039792434,1834,BUY,1831,SELL,1643,94.0
1329039792563,1837,SELL,1836,BUY,1191,93.0
1329039792620,1838,BUY,1831,SELL,637,94.0
1329039792670,1839,SELL,1838,BUY,967,94.0
1329039792670,1839,SELL,1836,BUY,173,93.0
1329039792946,1843,BUY,1823,SELL,740,95.0
1329039792946,1843,BUY,1840,SELL,1080,95.0
1329039793090,1845,SELL,1841,BUY,1139,94.0
1329039793099,1846,SELL,1841,BUY,504,94.0
1329039793099,1846,SELL,1842,BUY,566,94.0
1329039793131,1847,SELL,1842,BUY,968,94.0
1329039793131,1847,SELL,1836,BUY,1223,93.0
1329039793201,1850,BUY,1848,SELL,2572,94.0
1329039793221,1851,SELL,1836,BUY,249,93.0
1329039793221,1851,SELL,1813,BUY,1115,92.0
1329039793335,1852,BUY,1848,SELL,305,94.0
1329039793335,1852,BUY,1849,SELL,1139,94.0
1329039793335,1852,BUY,1840,SELL,110,95.0
1329039793335,1852,BUY,1818,SELL,668,96.0
1329039793701,1857,BUY,1854,SELL,2066,95.0
1329039793774,1859,SELL,1855,BUY,1071,94.0
1329039793868,1861,SELL,1855,BUY,1619,94.0
1329039793868,1861,SELL,1853,BUY,673,93.0
1329039793921,1863,BUY,1854,SELL,867,95.0
1329039793921,1863,BUY,1818,SELL,734,96.0
1329039794280,1868,SELL,1867,BUY,1009,95.0
1329039794282,1869,BUY,1868,SELL,1520,95.0
1329039794282,1869,BUY,1818,SELL,743,96.0
1329039794531,1873,BUY,1872,SELL,2895,95.0
1329039794654,1874,BUY,1872,SELL,44,95.0
1329039794717,1875,BUY,1818,SELL,189,96.0
1329039794717,1875,BUY,1870,SELL,1785,96.0
1329039794717,1875,BUY,1759,SELL,808,97.0
1329039794718,1876,SELL,1874,BUY,2147,95.0
1329039794746,1877,SELL,1874,BUY,739,95.0
1329039794746,1877,SELL,1865,BUY,706,94.0
1329039795013,1880,BUY,1879,SELL,1519,95.0
1329039795120,1882,SELL,1880,BUY,194,95.0
1329039795120,1882,SELL,1865,BUY,1204,94.0
1329039795120,1882,SELL,1853,BUY,1181,93.0
1329039795120,1882,SELL,1813,BUY,118,92.0
1329039795126,1883,BUY,1878,SELL,2538,96.0
1329039795445,1887,BUY,1885,SELL,1965,94.0
1329039795486,1890,BUY,1885,SELL,894,94.0
1329039795486,1890,BUY,1888,SELL,2030,94.0
1329039795805,1893,SELL,1813,BUY,865,92.0
1329039795805,1893,SELL,1856,BUY,1309,92.0
1329039795854,1895,BUY,1893,SELL,222,92.0
1329039795854,1895,BUY,1891,SELL,865,93.0
1329039795975,1897,BUY,1891,SELL,1316,93.0
1329039796291,1902,BUY,1899,SELL,2083,92.0
1329039796335,1903,SELL,1676,BUY,1094,91.0
1329039796451,1904,BUY,1899,SELL,607,92.0
1329039796460,1905,SELL,1904,BUY,1014,92.0
1329039796514,1906,SELL,1904,BUY,40,92.0
1329039796677,1907,SELL,1676,BUY,524,91.0
1329039796677,1907,SELL,1748,BUY,1686,91.0
1329039796677,1908,SELL,1748,BUY,341,91.0
1329039796677,1908,SELL,1774,BUY,2163,91.0
1329039796748,1909,BUY,1906,SELL,2419,92.0
1329039796837,1910,BUY,1906,SELL,394,92.0
1329039796837,1910,BUY,1891,SELL,483,93.0
1329039796837,1910,BUY,1888,SELL,137,94.0
1329039796837,1910,BUY,1884,SELL,22,95.0
1329039796952,1915,BUY,1884,SELL,1283,95.0
1329039796952,1915,BUY,1878,SELL,19,96.0
1329039796953,1915,BUY,1894,SELL,178,96.0
1329039797292,1920,BUY,1919,SELL,2156,94.0
1329039797292,1920,BUY,1918,SELL,371,95.0
1329039797363,1922,BUY,1918,SELL,1043,95.0
1329039797615,1928,SELL,1927,BUY,1264,94.0
1329039797663,1929,BUY,1918,SELL,847,95.0
1329039797663,1929,BUY,1924,SELL,474,95.0
1329039797762,1930,BUY,1924,SELL,1324,95.0
1329039797822,1931,BUY,1924,SELL,184,95.0
1329039797862,1932,BUY,1894,SELL,2488,96.0
1329039797862,1932,BUY,1898,SELL,263,96.0
1329039797976,1933,SELL,1931,BUY,1170,95.0
1329039798052,1935,BUY,1898,SELL,925,96.0
1329039798052,1935,BUY,1914,SELL,557,96.0
1329039798055,1936,SELL,1931,BUY,688,95.0
1329039798101,1937,BUY,1936,SELL,2148,95.0
1329039798101,1937,BUY,1914,SELL,95,96.0
1329039798129,1938,SELL,1927,BUY,227,94.0
1329039798129,1938,SELL,1916,BUY,1375,93.0
1329039798329,1942,BUY,1940,SELL,2507,94.0
1329039798330,1943,BUY,1940,SELL,272,94.0
1329039798330,1943,BUY,1939,SELL,2277,95.0
1329039798529,1947,SELL,1916,BUY,335,93.0
1329039798529,1947,SELL,1923,BUY,722,93.0
1329039798590,1949,SELL,1923,BUY,1261,93.0
1329039798590,1949,SELL,1913,BUY,352,92.0
1329039798858,1954,BUY,1946,SELL,1066,94.0
1329039798858,1954,BUY,1939,SELL,488,95.0
1329039798858,1954,BUY,1914,SELL,1057,96.0
1329039799151,1958,BUY,1914,SELL,353,96.0
1329039799151,1958,BUY,1759,SELL,307,97.0
1329039799151,1958,BUY,1765,SELL,2044,97.0
1329039799199,1960,BUY,1765,SELL,207,97.0
1329039799199,1960,BUY,1778,SELL,1169,97.0
1329039799472,1966,BUY,1964,SELL,1794,95.0
1329039799792,1969,BUY,1967,SELL,1580,94.0
1329039799792,1969,BUY,1964,SELL,82,95.0
1329039799867,1971,BUY,1964,SELL,869,95.0
1329039799867,1971,BUY,1965,SELL,826,95.0
1329039800149,1975,BUY,1965,SELL,1472,95.0
1329039800149,1975,BUY,1963,SELL,944,96.0
1329039800236,1978,SELL,1970,BUY,1062,94.0
1329039800236,1978,SELL,1957,BUY,1005,93.0
1329039800472,1982,SELL,1957,BUY,1126,93.0
1329039800472,1982,SELL,1979,BUY,149,93.0
1329039800536,1984,SELL,1979,BUY,1558,93.0
1329039800536,1984,SELL,1913,BUY,934,92.0
1329039800545,1985,SELL,1913,BUY,1594,92.0
1329039800545,1985,SELL,1962,BUY,829,92.0
1329039800578,1987,SELL,1986,BUY,1597,93.0
1329039800829,1992,SELL,1990,BUY,1672,94.0
1329039800917,1993,SELL,1986,BUY,322,93.0
1329039800917,1993,SELL,1962,BUY,1903,92.0
1329039800917,1993,SELL,1774,BUY,9,91.0
1329039800917,1993,SELL,1858,BUY,516,91.0
1329039801069,1997,SELL,1996,BUY,1061,92.0
1329039801345,2001,SELL,1858,BUY,1710,91.0
1329039801345,2001,SELL,1977,BUY,392,91.0
1329039801436,2003,SELL,1977,BUY,1608,91.0
1329039801436,2003,SELL,1988,BUY,955,91.0
1329039801538,2004,BUY,1997,SELL,1056,92.0
1329039801538,2004,BUY,1995,SELL,565,93.0
1329039801603,2006,SELL,1988,BUY,1362,91.0
1329039801603,2006,SELL,1058,BUY,1240,90.0
1329039801608,2007,BUY,1995,SELL,2019,93.0
1329039801608,2007,BUY,1992,SELL,338,94.0
1329039801608,2007,BUY,1983,SELL,571,95.0
1329039801772,2010,BUY,2009,SELL,1767,94.0
1329039801772,2010,BUY,1983,SELL,702,95.0
1329039801787,2011,BUY,1983,SELL,439,95.0
1329039801788,2011,BUY,1963,SELL,992,96.0
1329039801788,2011,BUY,1980,SELL,749,96.0
1329039802264,2018,SELL,2016,BUY,2124,91.0
1329039802264,2018,SELL,1058,BUY,649,90.0
1329039802319,2019,BUY,2013,SELL,2176,94.0
1329039802369,2021,SELL,1058,BUY,173,90.0
1329039802369,2021,SELL,1161,BUY,2259,90.0
1329039802698,2027,SELL,2022,BUY,1682,91.0
1329039802698,2027,SELL,1161,BUY,201,90.0
1329039802698,2027,SELL,1315,BUY,569,90.0
1329039802699,2028,SELL,1315,BUY,1415,90.0
1329039802699,2028,SELL,1339,BUY,1024,90.0
1329039802699,2028,SELL,1362,BUY,106,90.0
1329039802714,2029,BUY,2024,SELL,1979,92.0
1329039802729,2031,BUY,2030,SELL,1018,91.0
1329039803020,2032,SELL,1362,BUY,2094,90.0
1329039803076,2033,BUY,2030,SELL,1603,91.0
1329039803090,2034,SELL,2033,BUY,652,91.0
1329039803090,2034,SELL,1362,BUY,448,90.0
1329039803090,2034,SELL,1383,BUY,368,90.0
1329039803103,2037,SELL,2035,BUY,2524,91.0
1329039803185,2038,SELL,1383,BUY,1714,90.0
1329039803185,2038,SELL,1394,BUY,680,90.0
1329039803205,2039,SELL,1394,BUY,690,90.0
1329039803205,2039,SELL,1416,BUY,1643,90.0
1329039803238,2041,SELL,1416,BUY,104,90.0
1329039803238,2041,SELL,1475,BUY,1214,90.0
1329039803238,2041,SELL,1505,BUY,1116,90.0
1329039803417,2044,BUY,2037,SELL,362,91.0
1329039803417,2044,BUY,2024,SELL,654,92.0
1329039803417,2044,BUY,2020,SELL,871,93.0
1329039803620,2047,BUY,2046,SELL,2252,92.0
1329039803620,2047,BUY,2020,SELL,249,93.0
1329039803785,2051,SELL,2048,BUY,1154,91.0
1329039803785,2051,SELL,1505,BUY,611,90.0
1329039803866,2053,SELL,1505,BUY,136,90.0
1329039803866,2053,SELL,1687,BUY,918,90.0
1329039804088,2058,SELL,1687,BUY,209,90.0
1329039804088,2058,SELL,1731,BUY,2248,90.0
1329039804202,2059,SELL,1731,BUY,439,90.0
1329039804202,2059,SELL,1750,BUY,1519,90.0
1329039804202,2059,SELL,1784,BUY,705,90.0
1329039804312,2061,SELL,1784,BUY,1042,90.0
1329039804435,2062,SELL,1784,BUY,1142,90.0
1329039804435,2062,SELL,1835,BUY,15,90.0
1329039804534,2063,BUY,2056,SELL,1335,91.0
1329039804534,2063,BUY,2060,SELL,665,91.0
1329039804555,2064,SELL,1835,BUY,1737,90.0
1329039804555,2064,SELL,1953,BUY,518,90.0
1329039804601,2067,SELL,1953,BUY,1663,90.0
1329039804649,2068,BUY,2067,SELL,89,90.0
1329039804861,2071,SELL,2068,BUY,1132,90.0
1329039804901,2073,SELL,2068,BUY,335,90.0
1329039804901,2073,SELL,2069,BUY,1375,90.0
1329039805006,2074,BUY,2073,SELL,786,90.0
1329039805171,2078,BUY,2060,SELL,540,91.0
1329039805171,2078,BUY,2055,SELL,1063,92.0
1329039805171,2078,BUY,2020,SELL,811,93.0
1329039805247,2079,SELL,2074,BUY,486,90.0
1329039805247,2079,SELL,1139,BUY,791,89.0
1329039805526,2087,SELL,2083,BUY,1823,92.0
1329039805595,2088,BUY,2087,SELL,268,92.0
1329039805595,2088,BUY,2020,SELL,565,93.0
1329039805595,2088,BUY,2050,SELL,1597,93.0
1329039805815,2091,SELL,2082,BUY,1278,91.0
1329039806205,2097,BUY,2092,SELL,1519,92.0
1329039806220,2098,SELL,2082,BUY,714,91.0
1329039806220,2098,SELL,2095,BUY,984,91.0
1329039806339,2099,BUY,2092,SELL,671,92.0
1329039806339,2099,BUY,2050,SELL,593,93.0
1329039806384,2101,SELL,2095,BUY,932,91.0
1329039806384,2101,SELL,2096,BUY,138,91.0
1329039806486,2102,BUY,2100,SELL,1272,92.0
1329039806537,2104,SELL,2096,BUY,1141,91.0
1329039806538,2105,BUY,2104,SELL,961,91.0
1329039806538,2105,BUY,2100,SELL,274,92.0
1329039806816,2110,BUY,2106,SELL,1583,91.0
1329039806833,2111,SELL,2081,BUY,2249,90.0
1329039806833,2111,SELL,2089,BUY,386,90.0
1329039806836,2112,SELL,2089,BUY,746,90.0
1329039806836,2112,SELL,1139,BUY,1297,89.0
1329039806836,2112,SELL,1157,BUY,845,89.0
1329039807161,2116,BUY,2106,SELL,338,91.0
1329039807161,2116,BUY,2100,SELL,900,92.0
1329039807278,2119,BUY,2100,SELL,159,92.0
1329039807278,2119,BUY,2115,SELL,1214,92.0
1329039807332,2120,SELL,2117,BUY,1821,91.0
1329039807406,2121,BUY,2115,SELL,668,92.0
1329039807406,2121,BUY,2050,SELL,731,93.0
1329039807406,2121,BUY,2108,SELL,325,93.0
1329039807447,2122,BUY,2108,SELL,1857,93.0
1329039807447,2122,BUY,2013,SELL,277,94.0
1329039807447,2122,BUY,2025,SELL,597,94.0
1329039807472,2123,BUY,2025,SELL,1284,94.0
1329039807472,2123,BUY,2036,SELL,1245,94.0
1329039807588,2124,BUY,2036,SELL,534,94.0
1329039807588,2124,BUY,2075,SELL,1348,94.0
1329039807588,2124,BUY,2107,SELL,501,94.0
1329039807652,2127,SELL,2117,BUY,121,91.0
1329039807652,2127,SELL,2118,BUY,1801,91.0
1329039807652,2127,SELL,2113,BUY,580,90.0
1329039807846,2132,SELL,2128,BUY,1487,91.0
1329039807846,2132,SELL,2113,BUY,834,90.0
1329039807847,2132,SELL,1157,BUY,224,89.0
1329039807847,2132,SELL,1166,BUY,413,89.0
1329039808139,2135,BUY,2131,SELL,1719,92.0
1329039808240,2138,SELL,2133,BUY,1186,90.0
1329039808251,2139,SELL,2133,BUY,765,90.0
1329039808251,2139,SELL,2137,BUY,280,90.0
1329039808252,2140,SELL,2137,BUY,2259,90.0
1329039808252,2140,SELL,1166,BUY,110,89.0
1329039808313,2142,SELL,1166,BUY,1059,89.0
1329039808490,2144,SELL,1166,BUY,1001,89.0
1329039808490,2144,SELL,1179,BUY,1453,89.0
1329039808594,2147,BUY,2143,SELL,1821,90.0
1329039808634,2148,SELL,2147,BUY,503,90.0
1329039808689,2150,BUY,2148,SELL,498,90.0
1329039808743,2151,SELL,2150,BUY,1116,90.0
1329039808743,2151,SELL,1179,BUY,1021,89.0
1329039808743,2151,SELL,1180,BUY,456,89.0
1329039808845,2154,BUY,2136,SELL,1273,91.0
1329039808859,2155,BUY,2136,SELL,1060,91.0
1329039809008,2156,BUY,2131,SELL,242,92.0
1329039809008,2156,BUY,2146,SELL,1399,92.0
1329039809014,2157,BUY,2126,SELL,2724,93.0
1329039809014,2157,BUY,2149,SELL,81,93.0
1329039809047,2159,BUY,2149,SELL,1089,93.0
1329039809298,2162,SELL,2159,BUY,744,93.0
1329039809298,2162,SELL,2156,BUY,144,92.0
1329039809298,2162,SELL,2155,BUY,1299,91.0
1329039809298,2162,SELL,2153,BUY,247,90.0
1329039809321,2163,BUY,2107,SELL,1431,94.0
1329039809321,2163,BUY,2109,SELL,272,94.0
1329039809399,2164,BUY,2109,SELL,1933,94.0
1329039809405,2165,SELL,2153,BUY,1080,90.0
1329039809512,2166,SELL,2153,BUY,679,90.0
1329039809513,2166,SELL,1180,BUY,1833,89.0
1329039809515,2167,BUY,2109,SELL,612,94.0
1329039809515,2167,BUY,2114,SELL,2163,94.0
1329039809634,2168,BUY,2114,SELL,84,94.0
1329039809634,2168,BUY,2152,SELL,1965,94.0
1329039809816,2172,SELL,1180,BUY,394,89.0
1329039809816,2172,SELL,1305,BUY,1586,89.0
1329039809816,2172,SELL,1323,BUY,634,89.0
1329039809972,2174,BUY,2152,SELL,591,94.0
1329039809972,2174,BUY,2012,SELL,1022,95.0
1329039809972,2174,BUY,2054,SELL,326,95.0
1329039810047,2176,SELL,2173,BUY,1373,90.0
1329039810047,2176,SELL,1323,BUY,899,89.0
1329039810047,2176,SELL,1360,BUY,56,89.0
1329039810064,2177,BUY,2175,SELL,1306,94.0
1329039810064,2177,BUY,2054,SELL,483,95.0
1329039810229,2183,BUY,2182,SELL,1445,94.0
1329039810471,2186,SELL,2185,BUY,2052,91.0
1329039810471,2186,SELL,2181,BUY,757,90.0
1329039810519,2187,SELL,2181,BUY,298,90.0
1329039810519,2187,SELL,2184,BUY,1216,90.0
1329039810540,2188,SELL,2184,BUY,1093,90.0
1329039810540,2188,SELL,1360,BUY,1075,89.0
1329039810938,2197,SELL,1360,BUY,462,89.0
1329039810938,2197,SELL,1404,BUY,1270,89.0
1329039811034,2199,BUY,2196,SELL,1662,92.0
1329039811197,2202,BUY,2196,SELL,355,92.0
1329039811197,2202,BUY,2193,SELL,856,93.0
1329039811201,2203,SELL,2198,BUY,1060,90.0
1329039811201,2203,SELL,1404,BUY,1428,89.0
1329039811201,2203,SELL,1485,BUY,335,89.0
1329039811387,2208,BUY,2193,SELL,447,93.0
1329039811387,2208,BUY,2194,SELL,909,93.0
1329039811406,2209,SELL,2204,BUY,1070,91.0
1329039811406,2209,SELL,1485,BUY,717,89.0
1329039811634,2212,BUY,2194,SELL,1503,93.0
1329039811731,2216,BUY,2214,SELL,2797,92.0
1329039811731,2216,BUY,2194,SELL,161,93.0
1329039812053,2222,BUY,2219,SELL,2699,92.0
1329039812285,2224,BUY,2194,SELL,52,93.0
1329039812285,2224,BUY,2215,SELL,1089,93.0
1329039812310,2225,SELL,2224,BUY,1575,93.0
1329039812310,2225,SELL,2222,BUY,55,92.0
1329039812310,2225,SELL,2217,BUY,55,91.0
1329039812368,2226,SELL,2217,BUY,1502,91.0
1329039812368,2226,SELL,2210,BUY,1094,90.0
1329039812523,2228,SELL,2210,BUY,455,90.0
1329039812523,2228,SELL,2213,BUY,2119,90.0
1329039812668,2233,SELL,2232,BUY,1387,92.0
1329039812668,2233,SELL,2229,BUY,995,91.0
1329039812848,2237,SELL,2236,BUY,1828,93.0
1329039812970,2238,BUY,2237,SELL,966,93.0
1329039813031,2240,SELL,2238,BUY,1794,93.0
1329039813031,2240,SELL,2234,BUY,1058,92.0
1329039813031,2240,SELL,2229,BUY,131,91.0
1329039813037,2241,BUY,2182,SELL,960,94.0
1329039813037,2241,BUY,2195,SELL,83,94.0
1329039813280,2245,BUY,2243,SELL,1445,93.0
1329039813280,2245,BUY,2195,SELL,738,94.0
1329039813326,2246,BUY,2195,SELL,235,94.0
1329039813326,2246,BUY,2200,SELL,1841,94.0
1329039813326,2246,BUY,2211,SELL,869,94.0
1329039813345,2247,SELL,2229,BUY,1600,91.0
1329039813345,2247,SELL,2213,BUY,424,90.0
1329039813345,2247,SELL,2230,BUY,656,90.0
1329039813387,2249,SELL,2230,BUY,2052,90.0
1329039813387,2249,SELL,1485,BUY,50,89.0
1329039813471,2250,BUY,2211,SELL,546,94.0
1329039813471,2250,BUY,2220,SELL,1885,94.0
1329039813767,2254,BUY,2253,SELL,1228,92.0
1329039813767,2254,BUY,2251,SELL,106,93.0
1329039813824,2257,SELL,2252,BUY,1097,90.0
1329039813824,2257,SELL,1485,BUY,452,89.0
1329039813824,2257,SELL,1556,BUY,1161,89.0
1329039813916,2258,SELL,1556,BUY,1687,89.0
1329039813916,2258,SELL,1559,BUY,1130,89.0
1329039814070,2261,SELL,1559,BUY,823,89.0
1329039814070,2261,SELL,1621,BUY,313,89.0
1329039814346,2266,SELL,2262,BUY,2023,90.0
1329039814382,2267,BUY,2265,SELL,1448,91.0
1329039814596,2269,SELL,2262,BUY,400,90.0
1329039814596,2269,SELL,1621,BUY,1079,89.0
1329039814596,2269,SELL,1719,BUY,716,89.0
1329039814735,2272,BUY,2271,SELL,1647,90.0
1329039814805,2273,SELL,1719,BUY,386,89.0
1329039814805,2273,SELL,1793,BUY,856,89.0
1329039814835,2274,SELL,1793,BUY,496,89.0
1329039814835,2274,SELL,1825,BUY,1824,89.0
1329039814883,2275,BUY,2271,SELL,840,90.0
1329039814883,2275,BUY,2265,SELL,348,91.0
1329039814883,2275,BUY,2260,SELL,1068,92.0
1329039815051,2280,BUY,2276,SELL,1333,91.0
1329039815051,2280,BUY,2260,SELL,177,92.0
1329039815051,2280,BUY,2251,SELL,1460,93.0
1329039815155,2282,BUY,2251,SELL,869,93.0
1329039815155,2282,BUY,2220,SELL,830,94.0
1329039815155,2282,BUY,2235,SELL,322,94.0
1329039815225,2283,BUY,2235,SELL,2123,94.0
1329039815225,2283,BUY,2239,SELL,678,94.0
1329039815234,2284,SELL,1825,BUY,878,89.0
1329039815234,2284,SELL,1901,BUY,647,89.0
1329039815733,2291,SELL,2289,BUY,2850,91.0
1329039815748,2292,SELL,2289,BUY,9,91.0
1329039815748,2292,SELL,2286,BUY,1343,90.0
1329039815794,2293,SELL,2286,BUY,1401,90.0
1329039815794,2293,SELL,1901,BUY,551,89.0
1329039815794,2293,SELL,1934,BUY,809,89.0
1329039815799,2295,BUY,2294,SELL,1446,92.0
1329039816118,2298,SELL,1934,BUY,232,89.0
1329039816118,2298,SELL,1956,BUY,1582,89.0
1329039816195,2300,BUY,2299,SELL,1306,90.0
1329039816234,2301,BUY,2296,SELL,1399,91.0
1329039816235,2302,BUY,2294,SELL,248,92.0
1329039816236,2302,BUY,2287,SELL,852,93.0
1329039816282,2304,BUY,2287,SELL,2016,93.0
1329039816282,2304,BUY,2239,SELL,64,94.0
1329039816322,2306,SELL,2305,BUY,2090,92.0
1329039816441,2308,BUY,2307,SELL,2365,93.0
1329039816476,2309,BUY,2239,SELL,1482,94.0
1329039816526,2310,SELL,2308,BUY,32,93.0
1329039816526,2310,SELL,2305,BUY,164,92.0
1329039816526,2310,SELL,2301,BUY,895,91.0
1329039816526,2310,SELL,2300,BUY,256,90.0
1329039816798,2315,BUY,2311,SELL,1060,93.0
1329039816827,2316,SELL,2314,BUY,2244,91.0
1329039816897,2318,BUY,2311,SELL,1793,93.0
1329039816897,2318,BUY,2239,SELL,192,94.0
1329039817242,2323,SELL,2314,BUY,308,91.0
1329039817242,2323,SELL,2300,BUY,1123,90.0
1329039817242,2323,SELL,2312,BUY,311,90.0
1329039817337,2326,BUY,2321,SELL,1704,93.0
1329039817363,2327,SELL,2324,BUY,1857,91.0
1329039817363,2327,SELL,2312,BUY,782,90.0
1329039817605,2330,SELL,2312,BUY,778,90.0
1329039817605,2330,SELL,2325,BUY,312,90.0
1329039817697,2333,SELL,2325,BUY,1637,90.0
1329039817891,2336,SELL,2335,BUY,1087,91.0
1329039818090,2340,BUY,2321,SELL,356,93.0
1329039818090,2340,BUY,2239,SELL,45,94.0
1329039818090,2340,BUY,2279,SELL,2222,94.0
1329039818435,2347,SELL,2344,BUY,1736,93.0
1329039818495,2349,BUY,2347,SELL,986,93.0
1329039818495,2349,BUY,2279,SELL,25,94.0
1329039818495,2349,BUY,2346,SELL,381,94.0
1329039818545,2351,SELL,2337,BUY,2251,92.0
1329039818545,2351,SELL,2335,BUY,739,91.0
1329039818842,2354,BUY,2353,SELL,1385,92.0
1329039818882,2357,BUY,2353,SELL,691,92.0
1329039818882,2357,BUY,2352,SELL,588,93.0
1329039818998,2359,BUY,2358,SELL,1468,92.0
1329039819064,2361,SELL,2359,BUY,221,92.0
1329039819064,2361,SELL,2335,BUY,612,91.0
1329039819064,2361,SELL,2338,BUY,1318,91.0
1329039819197,2362,SELL,2338,BUY,493,91.0
1329039819197,2362,SELL,2325,BUY,37,90.0
1329039819197,2362,SELL,1956,BUY,359,89.0
1329039819197,2362,SELL,1974,BUY,1460,89.0
1329039819197,2362,SELL,2134,BUY,2,89.0
1329039819423,2366,BUY,2352,SELL,1557,93.0
1329039819454,2367,SELL,2364,BUY,2682,90.0
1329039819461,2368,SELL,2364,BUY,22,90.0
1329039819461,2368,SELL,2134,BUY,1047,89.0
1329039819461,2368,SELL,2190,BUY,999,89.0
1329039819496,2369,SELL,2190,BUY,365,89.0
1329039819496,2369,SELL,2205,BUY,647,89.0
1329039819639,2372,SELL,2205,BUY,597,89.0
1329039819639,2372,SELL,2281,BUY,791,89.0
1329039819643,2373,BUY,2352,SELL,745,93.0
1329039819643,2373,BUY,2346,SELL,800,94.0
1329039819708,2374,SELL,2281,BUY,1108,89.0
1329039819980,2377,SELL,2375,BUY,2218,90.0
1329039820187,2382,BUY,2346,SELL,1190,94.0
1329039820334,2385,BUY,2346,SELL,405,94.0
1329039820334,2385,BUY,2054,SELL,1339,95.0
1329039820379,2387,SELL,2383,BUY,1187,91.0
1329039820547,2389,SELL,2383,BUY,687,91.0
1329039820547,2389,SELL,2375,BUY,329,90.0
1329039820617,2391,SELL,2375,BUY,438,90.0
1329039820617,2391,SELL,2281,BUY,715,89.0
1329039820617,2391,SELL,2317,BUY,22,89.0
1329039820739,2393,SELL,2317,BUY,1215,89.0
1329039820807,2394,SELL,2317,BUY,1606,89.0
1329039820807,2394,SELL,2320,BUY,175,89.0
1329039821025,2397,SELL,2395,BUY,1410,90.0
1329039821266,2402,SELL,2401,BUY,2389,91.0
1329039821289,2403,SELL,2395,BUY,966,90.0
1329039821289,2403,SELL,2399,BUY,2014,90.0
1329039821428,2406,BUY,2402,SELL,483,91.0
1329039821451,2407,SELL,2406,BUY,730,91.0
1329039821513,2408,BUY,2407,SELL,380,91.0
1329039821513,2408,BUY,2400,SELL,1564,92.0
1329039821513,2409,SELL,2399,BUY,483,90.0
1329039821662,2410,BUY,2409,SELL,1263,90.0
1329039821662,2410,BUY,2400,SELL,1174,92.0
1329039821793,2415,SELL,2414,BUY,1281,91.0
1329039821884,2417,BUY,2400,SELL,43,92.0
1329039821930,2419,BUY,2398,SELL,1472,93.0
1329039821935,2420,BUY,2398,SELL,437,93.0
1329039821944,2421,SELL,2420,BUY,962,93.0
1329039821944,2421,SELL,2417,BUY,620,92.0
1329039822038,2422,SELL,2417,BUY,1097,92.0
1329039822120,2423,BUY,2386,SELL,1092,94.0
1329039822192,2425,BUY,2386,SELL,977,94.0
1329039822192,2425,BUY,2054,SELL,142,95.0
1329039822380,2427,BUY,2054,SELL,458,95.0
1329039822380,2427,BUY,2066,SELL,1436,95.0
1329039822626,2433,BUY,2066,SELL,879,95.0
1329039822626,2433,BUY,2103,SELL,1715,95.0
1329039822626,2433,BUY,2206,SELL,183,95.0
1329039822719,2434,BUY,2206,SELL,1191,95.0
1329039822879,2437,SELL,2426,BUY,1259,93.0
1329039822887,2438,BUY,2437,SELL,307,93.0
1329039822887,2438,BUY,2436,SELL,1214,94.0
1329039823097,2441,SELL,2417,BUY,19,92.0
1329039823119,2442,SELL,2414,BUY,359,91.0
1329039823119,2442,SELL,2424,BUY,2521,91.0
1329039823137,2443,BUY,2441,SELL,1833,92.0
1329039823152,2444,SELL,2443,BUY,668,92.0
1329039823285,2447,SELL,2424,BUY,245,91.0
1329039823286,2447,SELL,2432,BUY,852,91.0
1329039823321,2448,SELL,2432,BUY,1260,91.0
1329039823321,2448,SELL,2435,BUY,636,91.0
1329039823323,2449,SELL,2435,BUY,1386,91.0
1329039823365,2450,SELL,2435,BUY,610,91.0
1329039823521,2451,SELL,2412,BUY,1264,90.0
1329039823825,2454,BUY,2450,SELL,606,91.0
1329039823859,2456,BUY,2444,SELL,1134,92.0
1329039823890,2457,BUY,2444,SELL,1144,92.0
1329039823920,2458,SELL,2457,BUY,890,92.0
1329039823933,2459,SELL,2454,BUY,1280,91.0
1329039823933,2459,SELL,2455,BUY,566,91.0
1329039824029,2461,SELL,2455,BUY,1193,91.0
1329039824190,2463,SELL,2455,BUY,677,91.0
1329039824190,2463,SELL,2412,BUY,131,90.0
1329039824191,2463,SELL,2320,BUY,1628,89.0
1329039824191,2463,SELL,2322,BUY,305,89.0
1329039824207,2464,BUY,2458,SELL,570,92.0
1329039824207,2464,BUY,2440,SELL,1644,93.0
1329039824335,2468,SELL,2322,BUY,1171,89.0
1329039824335,2468,SELL,2343,BUY,1491,89.0
1329039824392,2469,SELL,2343,BUY,499,89.0
1329039824392,2469,SELL,2350,BUY,2035,89.0
1329039824393,2470,BUY,2440,SELL,286,93.0
1329039824393,2470,BUY,2436,SELL,938,94.0
1329039824393,2470,BUY,2439,SELL,1408,94.0
1329039824393,2470,BUY,2206,SELL,261,95.0
1329039824584,2473,SELL,2471,BUY,1879,90.0
1329039824584,2473,SELL,2350,BUY,342,89.0
1329039824584,2473,SELL,2418,BUY,48,89.0
1329039824971,2481,SELL,2478,BUY,1007,90.0
1329039824971,2481,SELL,2418,BUY,1243,89.0
1329039825019,2483,BUY,2482,SELL,1019,93.0
1329039825019,2483,BUY,2476,SELL,488,94.0
1329039825062,2484,BUY,2476,SELL,1960,94.0
1329039825062,2484,BUY,2206,SELL,294,95.0
1329039825062,2484,BUY,2207,SELL,161,95.0
1329039825717,2495,SELL,2491,BUY,1632,91.0
1329039825751,2496,SELL,2491,BUY,526,91.0
1329039825751,2496,SELL,2486,BUY,1158,90.0
1329039825771,2497,BUY,2493,SELL,1007,93.0
1329039825771,2497,BUY,2488,SELL,1580,94.0
1329039825811,2498,BUY,2488,SELL,519,94.0
1329039825811,2498,BUY,2207,SELL,1476,95.0
1329039825811,2498,BUY,2328,SELL,299,95.0
1329039826171,2501,BUY,2328,SELL,1810,95.0
1329039826461,2507,BUY,2506,SELL,1246,94.0
1329039826556,2509,BUY,2328,SELL,739,95.0
1329039826556,2509,BUY,2430,SELL,2132,95.0
1329039826564,2510,BUY,2430,SELL,629,95.0
1329039826565,2510,BUY,2465,SELL,1168,95.0
1329039826587,2511,SELL,2507,BUY,1231,94.0
1329039826589,2512,BUY,2511,SELL,1279,94.0
1329039826589,2512,BUY,2465,SELL,917,95.0
1329039826679,2513,BUY,1980,SELL,969,96.0
1329039826679,2513,BUY,2026,SELL,338,96.0
1329039826799,2514,BUY,2026,SELL,1339,96.0
1329039826799,2515,BUY,2026,SELL,638,96.0
1329039826799,2515,BUY,2080,SELL,1058,96.0
1329039826944,2516,BUY,2080,SELL,1041,96.0
1329039826944,2516,BUY,2161,SELL,1767,96.0
1329039826972,2518,SELL,2512,BUY,213,95.0
1329039827236,2519,SELL,2505,BUY,1092,93.0
1329039827236,2519,SELL,2504,BUY,292,92.0
1329039827277,2520,SELL,2504,BUY,1199,92.0
1329039827277,2520,SELL,2508,BUY,1202,92.0
1329039827277,2520,SELL,2502,BUY,199,91.0
1329039827367,2522,SELL,2521,BUY,1030,92.0
1329039827367,2522,SELL,2502,BUY,608,91.0
1329039827865,2529,SELL,2502,BUY,312,91.0
1329039827962,2530,BUY,2529,SELL,938,91.0
1329039827983,2531,SELL,2530,BUY,934,91.0
1329039828039,2532,SELL,2486,BUY,242,90.0
1329039828072,2533,BUY,2532,SELL,2219,90.0
1329039828072,2533,BUY,2531,SELL,286,91.0
1329039828174,2535,BUY,2531,SELL,484,91.0
1329039828174,2535,BUY,2528,SELL,752,92.0
1329039828311,2538,SELL,2418,BUY,1234,89.0
1329039828311,2538,SELL,2431,BUY,1088,89.0
1329039828311,2538,SELL,551,BUY,268,88.0
1329039828354,2539,BUY,2537,SELL,1376,90.0
1329039828378,2541,BUY,2537,SELL,1212,90.0
1329039828378,2541,BUY,2536,SELL,318,91.0
1329039828516,2542,BUY,2536,SELL,1250,91.0
1329039828786,2545,BUY,2543,SELL,1052,90.0
1329039828786,2545,BUY,2536,SELL,408,91.0
1329039828859,2547,SELL,2546,BUY,1296,90.0
1329039828934,2548,BUY,2536,SELL,37,91.0
1329039828934,2548,BUY,2528,SELL,570,92.0
1329039828935,2548,BUY,2527,SELL,1269,93.0
1329039829001,2549,SELL,2546,BUY,926,90.0
1329039829001,2549,SELL,2544,BUY,907,89.0
1329039829100,2554,SELL,2551,BUY,1539,92.0
1329039829216,2556,SELL,2551,BUY,1320,92.0
1329039829333,2557,SELL,2550,BUY,1475,91.0
1329039829333,2557,SELL,2553,BUY,609,91.0
1329039829491,2560,BUY,2556,SELL,1629,92.0
1329039829590,2564,SELL,2560,BUY,1088,92.0
1329039829591,2564,SELL,2553,BUY,905,91.0
1329039829599,2565,SELL,2553,BUY,43,91.0
1329039829600,2565,SELL,2559,BUY,2083,90.0
1329039829600,2565,SELL,2563,BUY,551,90.0
1329039829716,2567,BUY,2527,SELL,748,93.0
1329039829716,2567,BUY,2552,SELL,1250,93.0
1329039829716,2567,BUY,2523,SELL,817,94.0
1329039829728,2568,SELL,2563,BUY,675,90.0
1329039829728,2568,SELL,2544,BUY,834,89.0
1329039829728,2568,SELL,551,BUY,815,88.0
1329039829728,2568,SELL,574,BUY,331,88.0
1329039829763,2569,SELL,574,BUY,1662,88.0
1329039829763,2569,SELL,691,BUY,232,88.0
1329039829765,2570,SELL,691,BUY,1890,88.0
1329039829783,2571,BUY,2523,SELL,1334,94.0
1329039830039,2573,BUY,2523,SELL,239,94.0
1329039830039,2573,BUY,2526,SELL,1020,94.0
1329039830039,2573,BUY,2518,SELL,387,95.0
1329039830352,2584,SELL,2578,BUY,1068,90.0
1329039830545,2587,SELL,2586,BUY,1480,91.0
1329039830682,2590,SELL,2586,BUY,66,91.0
1329039830682,2590,SELL,2578,BUY,1137,90.0
1329039830729,2591,BUY,2577,SELL,1984,93.0
1329039830729,2591,BUY,2588,SELL,937,93.0
1329039830779,2593,BUY,2588,SELL,186,93.0
1329039830779,2593,BUY,2575,SELL,1144,94.0
1329039830886,2594,BUY,2575,SELL,104,94.0
1329039830887,2594,BUY,2518,SELL,1648,95.0
1329039831014,2596,BUY,2518,SELL,76,95.0
1329039831014,2596,BUY,2579,SELL,1434,95.0
1329039831239,2601,BUY,2600,SELL,1711,94.0
1329039831239,2601,BUY,2579,SELL,796,95.0
1329039831425,2603,BUY,2579,SELL,94,95.0
1329039831425,2603,BUY,2583,SELL,2015,95.0
1329039831425,2603,BUY,2161,SELL,14,96.0
1329039831436,2604,SELL,2602,BUY,1394,92.0
1329039831492,2606,SELL,2602,BUY,340,92.0
1329039831492,2606,SELL,2592,BUY,2367,91.0
1329039831492,2606,SELL,2578,BUY,180,90.0
1329039831846,2608,BUY,2161,SELL,502,96.0
1329039831846,2608,BUY,2171,SELL,1436,96.0
1329039831846,2608,BUY,2179,SELL,570,96.0
1329039832058,2613,BUY,2179,SELL,1263,96.0
1329039832058,2613,BUY,2189,SELL,802,96.0
1329039832285,2614,SELL,2612,BUY,1969,92.0
1329039832285,2614,SELL,2609,BUY,599,91.0
1329039832647,2622,BUY,2618,SELL,2631,93.0
1329039832669,2623,BUY,2618,SELL,185,93.0
1329039832669,2623,BUY,2617,SELL,1003,94.0
1329039832680,2624,BUY,2617,SELL,1469,94.0
1329039832705,2625,BUY,2617,SELL,160,94.0
1329039832705,2625,BUY,2616,SELL,2129,95.0
1329039832705,2625,BUY,2189,SELL,157,96.0
1329039833035,2631,BUY,2628,SELL,2129,95.0
1329039833080,2632,SELL,2630,BUY,2920,94.0
1329039833090,2633,BUY,2632,SELL,70,94.0
1329039833090,2633,BUY,2628,SELL,794,95.0
1329039833090,2633,BUY,2189,SELL,774,96.0
1329039833090,2633,BUY,2263,SELL,1293,96.0
1329039833090,2633,BUY,2332,SELL,50,96.0
1329039833209,2635,BUY,2332,SELL,1301,96.0
1329039833228,2637,BUY,2332,SELL,1113,96.0
1329039833460,2640,BUY,2639,SELL,2730,95.0
1329039833502,2641,SELL,2636,BUY,1450,94.0
1329039833583,2642,SELL,2636,BUY,882,94.0
1329039833583,2642,SELL,2626,BUY,1483,93.0
1329039833583,2642,SELL,2615,BUY,457,92.0
1329039833813,2646,BUY,2643,SELL,1040,94.0
1329039833813,2646,BUY,2639,SELL,265,95.0
1329039833813,2646,BUY,2332,SELL,172,96.0
1329039833813,2646,BUY,2348,SELL,440,96.0
1329039834033,2652,BUY,2348,SELL,1852,96.0
1329039834033,2652,BUY,2356,SELL,97,96.0
1329039834092,2653,BUY,2356,SELL,1398,96.0
1329039834092,2653,BUY,2360,SELL,231,96.0
1329039834194,2654,SELL,2648,BUY,1977,94.0
1329039834194,2654,SELL,2647,BUY,443,93.0
1329039834298,2657,SELL,2647,BUY,933,93.0
1329039834298,2657,SELL,2615,BUY,1523,92.0
1329039834309,2658,SELL,2615,BUY,802,92.0
1329039834309,2658,SELL,2609,BUY,901,91.0
1329039834526,2661,SELL,2659,BUY,2402,92.0
1329039834526,2661,SELL,2609,BUY,284,91.0
1329039834550,2662,BUY,2660,SELL,1824,95.0
1329039834965,2668,BUY,2667,SELL,1916,92.0
1329039835005,2669,SELL,2668,BUY,497,92.0
1329039835005,2669,SELL,2609,BUY,745,91.0
1329039835005,2669,SELL,2655,BUY,1708,91.0
1329039835231,2672,SELL,2670,BUY,1396,92.0
1329039835268,2674,SELL,2670,BUY,1413,92.0
1329039835360,2675,SELL,2655,BUY,1140,91.0
1329039835360,2675,SELL,2671,BUY,1283,91.0
1329039835395,2676,SELL,2671,BUY,869,91.0
1329039835593,2679,SELL,2578,BUY,477,90.0
1329039835593,2679,SELL,2610,BUY,2231,90.0
1329039835612,2680,BUY,2676,SELL,1088,91.0
1329039835699,2681,SELL,2610,BUY,703,90.0
1329039835699,2681,SELL,2645,BUY,1669,90.0
1329039835726,2682,BUY,2676,SELL,915,91.0
1329039836008,2687,BUY,2674,SELL,1039,92.0
1329039836008,2687,BUY,2665,SELL,1232,93.0
1329039836042,2688,BUY,2665,SELL,1566,93.0
1329039836042,2688,BUY,2664,SELL,117,94.0
1329039836179,2691,BUY,2664,SELL,1032,94.0
1329039836179,2691,BUY,2660,SELL,293,95.0
1329039836214,2692,BUY,2660,SELL,179,95.0
1329039836214,2692,BUY,2666,SELL,2018,95.0
1329039836227,2693,BUY,2666,SELL,59,95.0
1329039836227,2693,BUY,2678,SELL,1317,95.0
1329039836285,2696,BUY,2678,SELL,545,95.0
1329039836285,2696,BUY,2360,SELL,1631,96.0
1329039836296,2697,BUY,2360,SELL,395,96.0
1329039836296,2697,BUY,2411,SELL,1729,96.0
1329039836553,2701,SELL,2695,BUY,2193,92.0
1329039836609,2702,BUY,2699,SELL,1340,95.0
1329039836609,2702,BUY,2411,SELL,712,96.0
1329039836609,2702,BUY,2429,SELL,516,96.0
1329039836850,2706,SELL,2705,BUY,1067,94.0
1329039836921,2708,SELL,2705,BUY,1586,94.0
1329039836921,2708,SELL,2704,BUY,571,93.0
1329039836988,2710,BUY,2703,SELL,1005,95.0
1329039837026,2711,SELL,2710,BUY,623,95.0
1329039837172,2712,SELL,2709,BUY,1385,94.0
1329039837245,2713,SELL,2709,BUY,532,94.0
1329039837303,2714,SELL,2704,BUY,2232,93.0
1329039837303,2714,SELL,2707,BUY,711,93.0
1329039837305,2715,BUY,2713,SELL,1704,94.0
1329039837380,2716,SELL,2707,BUY,2100,93.0
1329039837380,2716,SELL,2695,BUY,30,92.0
1329039837394,2717,BUY,2713,SELL,121,94.0
1329039837394,2717,BUY,2711,SELL,528,95.0
1329039837394,2717,BUY,2429,SELL,666,96.0
1329039837394,2717,BUY,2466,SELL,1134,96.0
1329039837556,2720,SELL,2719,BUY,2140,93.0
1329039837556,2720,SELL,2695,BUY,683,92.0
1329039837556,2720,SELL,2682,BUY,85,91.0
1329039838050,2728,SELL,2724,BUY,1888,92.0
1329039838050,2728,SELL,2682,BUY,184,91.0
1329039838113,2729,BUY,2727,SELL,2850,94.0
1329039838288,2733,BUY,2730,SELL,1598,93.0
1329039838359,2734,BUY,2730,SELL,588,93.0
1329039838389,2735,BUY,2727,SELL,84,94.0
1329039838408,2736,BUY,2721,SELL,1836,95.0
1329039838408,2736,BUY,2731,SELL,465,95.0
1329039838424,2737,SELL,2735,BUY,1719,94.0
1329039838424,2737,SELL,2734,BUY,589,93.0
1329039838424,2737,SELL,2732,BUY,473,92.0
1329039838481,2738,SELL,2732,BUY,1689,92.0
1329039838481,2738,SELL,2682,BUY,196,91.0
1329039838481,2738,SELL,2698,BUY,425,91.0
1329039838500,2739,BUY,2731,SELL,1562,95.0
1329039838500,2739,BUY,2466,SELL,175,96.0
1329039838515,2740,BUY,2466,SELL,574,96.0
1329039838515,2740,BUY,2621,SELL,1161,96.0
1329039838686,2744,BUY,2621,SELL,375,96.0
1329039838686,2744,BUY,2634,SELL,2280,96.0
1329039838711,2745,BUY,2634,SELL,535,96.0
1329039838711,2745,BUY,2651,SELL,2013,96.0
1329039838985,2750,BUY,2749,SELL,1866,94.0
1329039839011,2751,BUY,2749,SELL,920,94.0
1329039839011,2751,BUY,2746,SELL,282,95.0
1329039839170,2754,SELL,2752,BUY,1042,94.0
1329039839194,2756,BUY,2746,SELL,1557,95.0
1329039839218,2758,BUY,2651,SELL,132,96.0
1329039839218,2758,BUY,2673,SELL,1731,96.0
1329039839218,2758,BUY,2683,SELL,384,96.0
1329039839252,2759,SELL,2756,BUY,1210,95.0
1329039839370,2760,SELL,2756,BUY,219,95.0
1329039839370,2760,SELL,2757,BUY,1792,95.0
1329039839442,2762,SELL,2757,BUY,1179,95.0
1329039839442,2762,SELL,2752,BUY,1428,94.0
1329039839516,2764,SELL,2752,BUY,246,94.0
1329039839517,2765,BUY,2764,SELL,1744,94.0
1329039839533,2766,SELL,2748,BUY,1266,93.0
1329039839534,2766,SELL,2761,BUY,717,93.0
1329039839542,2767,BUY,2764,SELL,823,94.0
1329039839542,2767,BUY,2763,SELL,358,95.0
1329039839678,2768,BUY,2763,SELL,1618,95.0
1329039839794,2770,SELL,2761,BUY,1584,93.0
1329039839794,2770,SELL,2741,BUY,361,92.0
1329039839978,2775,BUY,2769,SELL,1847,94.0
1329039840240,2779,SELL,2771,BUY,2135,93.0
1329039840323,2780,BUY,2769,SELL,1000,94.0
1329039840412,2781,SELL,2780,BUY,749,94.0
1329039840506,2783,BUY,2781,SELL,1824,94.0
1329039840601,2784,BUY,2781,SELL,194,94.0
1329039840601,2784,BUY,2782,SELL,1821,94.0
1329039840615,2785,BUY,2763,SELL,64,95.0
1329039840615,2785,BUY,2683,SELL,1708,96.0
1329039840615,2785,BUY,2722,SELL,280,96.0
1329039840720,2788,BUY,2787,SELL,1173,95.0
1329039840890,2790,SELL,2784,BUY,315,94.0
1329039840961,2791,SELL,2771,BUY,780,93.0
1329039841080,2793,SELL,2741,BUY,1853,92.0
1329039841080,2794,BUY,2791,SELL,540,93.0
1329039841080,2794,BUY,2792,SELL,1654,93.0
1329039841084,2795,SELL,2794,BUY,171,93.0
1329039841117,2796,SELL,2741,BUY,466,92.0
1329039841117,2796,SELL,2789,BUY,1374,92.0
1329039841363,2798,BUY,2795,SELL,1257,93.0
1329039841469,2800,SELL,2789,BUY,1138,92.0
1329039841469,2800,SELL,2698,BUY,875,91.0
1329039841548,2803,BUY,2802,SELL,2389,92.0
1329039841643,2804,BUY,2795,SELL,1025,93.0
1329039841643,2804,BUY,2790,SELL,1667,94.0
1329039841661,2805,SELL,2803,BUY,19,92.0
1329039841661,2805,SELL,2698,BUY,318,91.0
1329039841661,2805,SELL,2645,BUY,1232,90.0
1329039841661,2805,SELL,2799,BUY,223,90.0
1329039841801,2806,BUY,2790,SELL,944,94.0
1329039841801,2806,BUY,2787,SELL,1197,95.0
1329039841801,2806,BUY,2722,SELL,45,96.0
1329039841908,2810,BUY,2807,SELL,1647,95.0
1329039841908,2810,BUY,2809,SELL,1318,95.0
1329039841999,2812,SELL,2799,BUY,2354,90.0
1329039841999,2812,SELL,2576,BUY,273,89.0
1329039842061,2813,BUY,2809,SELL,1427,95.0
1329039842061,2813,BUY,2811,SELL,711,95.0
1329039842145,2815,SELL,2814,BUY,1709,90.0
1329039842394,2819,BUY,2818,SELL,1082,94.0
1329039842661,2826,SELL,2820,BUY,2116,91.0
1329039842661,2826,SELL,2821,BUY,847,91.0
1329039842681,2827,SELL,2821,BUY,1261,91.0
1329039842689,2828,SELL,2821,BUY,884,91.0
1329039842824,2829,BUY,2828,SELL,1473,91.0
1329039843076,2832,BUY,2824,SELL,2309,92.0
1329039843076,2832,BUY,2825,SELL,399,92.0
1329039843191,2834,BUY,2825,SELL,1460,92.0
1329039843332,2836,BUY,2825,SELL,148,92.0
1329039843333,2837,SELL,2836,BUY,1428,92.0
1329039843333,2837,SELL,2829,BUY,280,91.0
1329039843547,2840,SELL,2829,BUY,1142,91.0
1329039843547,2840,SELL,2830,BUY,1102,91.0
1329039843583,2841,BUY,2838,SELL,2413,92.0
1329039843619,2842,SELL,2841,BUY,531,92.0
1329039843619,2842,SELL,2830,BUY,1654,91.0
1329039843619,2842,SELL,2814,BUY,366,90.0
1329039843671,2843,BUY,2822,SELL,1671,93.0
1329039843810,2846,BUY,2822,SELL,902,93.0
1329039843810,2846,BUY,2818,SELL,453,94.0
1329039844013,2849,BUY,2818,SELL,250,94.0
1329039844013,2849,BUY,2811,SELL,1485,95.0
1329039844013,2849,BUY,2722,SELL,134,96.0
1329039844021,2850,BUY,2722,SELL,1087,96.0
1329039844136,2851,BUY,2722,SELL,1023,96.0
1329039844136,2851,BUY,2726,SELL,769,96.0
1329039844154,2852,BUY,2726,SELL,1217,96.0
1329039844472,2860,SELL,2845,BUY,1032,92.0
1329039844572,2862,BUY,2858,SELL,1370,93.0
1329039844572,2862,BUY,2855,SELL,437,94.0
1329039844659,2864,BUY,2855,SELL,1399,94.0
1329039844659,2864,BUY,2854,SELL,1066,95.0
1329039844698,2865,BUY,2854,SELL,1122,95.0
1329039844698,2865,BUY,2726,SELL,326,96.0
1329039844698,2865,BUY,1778,SELL,432,97.0
1329039844698,2865,BUY,1786,SELL,855,97.0
1329039844968,2870,SELL,2845,BUY,887,92.0
1329039844968,2870,SELL,2844,BUY,1386,91.0
1329039844968,2870,SELL,2814,BUY,217,90.0
1329039845040,2872,SELL,2814,BUY,615,90.0
1329039845040,2872,SELL,2816,BUY,1862,90.0
1329039845097,2873,SELL,2816,BUY,874,90.0
1329039845097,2873,SELL,2817,BUY,1946,90.0
1329039845128,2875,BUY,2871,SELL,1659,93.0
1329039845193,2876,BUY,2871,SELL,475,93.0
1329039845193,2876,BUY,2869,SELL,1020,94.0
1329039845193,2876,BUY,2868,SELL,351,95.0
1329039845359,2880,SELL,2874,BUY,2260,91.0
1329039845359,2880,SELL,2817,BUY,284,90.0
1329039845862,2887,SELL,2884,BUY,1228,92.0
1329039845889,2888,SELL,2884,BUY,1453,92.0
1329039845936,2891,BUY,2885,SELL,1639,93.0
1329039845986,2892,BUY,2885,SELL,264,93.0
1329039845986,2892,BUY,2882,SELL,1253,94.0
1329039846088,2893,SELL,2884,BUY,183,92.0
1329039846088,2893,SELL,2886,BUY,1638,92.0
1329039846195,2895,BUY,2882,SELL,639,94.0
1329039846195,2895,BUY,2890,SELL,776,94.0
1329039846206,2896,BUY,2890,SELL,955,94.0
1329039846385,2898,SELL,2896,BUY,560,94.0
1329039846394,2899,SELL,2894,BUY,2224,93.0
1329039846529,2901,BUY,2899,SELL,148,93.0
1329039846529,2901,BUY,2898,SELL,1309,94.0
1329039846602,2903,BUY,2898,SELL,684,94.0
1329039846602,2903,BUY,2868,SELL,1191,95.0
1329039846974,2908,SELL,2906,BUY,1103,93.0
1329039847001,2909,BUY,2868,SELL,445,95.0
1329039847001,2909,BUY,2867,SELL,2046,96.0
1329039847030,2910,BUY,2867,SELL,828,96.0
1329039847030,2910,BUY,1786,SELL,1474,97.0
1329039847274,2913,SELL,2912,BUY,1626,94.0
1329039847274,2913,SELL,2906,BUY,582,93.0
1329039847409,2916,SELL,2914,BUY,1396,94.0
1329039847519,2917,BUY,1786,SELL,138,97.0
1329039847519,2917,BUY,1912,SELL,2184,97.0
1329039847520,2917,BUY,1945,SELL,568,97.0
1329039847708,2921,SELL,2914,BUY,1380,94.0
1329039847708,2921,SELL,2906,BUY,348,93.0
1329039847787,2922,SELL,2906,BUY,193,93.0
1329039847787,2922,SELL,2886,BUY,889,92.0
1329039847787,2922,SELL,2920,BUY,409,92.0
1329039848011,2927,BUY,2926,SELL,1999,94.0
1329039848043,2929,SELL,2920,BUY,2046,92.0
1329039848043,2929,SELL,2881,BUY,593,91.0
1329039848103,2931,SELL,2881,BUY,1286,91.0
1329039848329,2933,BUY,2928,SELL,2368,93.0
1329039848366,2936,SELL,2881,BUY,395,91.0
1329039848366,2936,SELL,2911,BUY,1557,91.0
1329039848436,2937,SELL,2911,BUY,1018,91.0
1329039848436,2937,SELL,2817,BUY,491,90.0
1329039848436,2937,SELL,2576,BUY,112,89.0
1329039848785,2941,SELL,2576,BUY,1413,89.0
1329039848785,2941,SELL,2581,BUY,1543,89.0
1329039848798,2942,SELL,2581,BUY,702,89.0
1329039848798,2942,SELL,2620,BUY,1305,89.0
1329039848798,2942,SELL,2663,BUY,696,89.0
1329039848960,2945,SELL,2944,BUY,1203,90.0
1329039848960,2945,SELL,2663,BUY,1470,89.0
1329039848971,2947,BUY,2940,SELL,2107,91.0
1329039849246,2951,BUY,2934,SELL,1445,92.0
1329039849246,2951,BUY,2928,SELL,589,93.0
1329039849246,2951,BUY,2948,SELL,123,93.0
1329039849268,2952,SELL,2947,BUY,674,91.0
1329039849268,2952,SELL,2946,BUY,371,90.0
1329039849454,2957,BUY,2954,SELL,2300,92.0
1329039849613,2958,SELL,2955,BUY,1345,91.0
1329039849640,2959,SELL,2946,BUY,1854,90.0
1329039849730,2961,SELL,2663,BUY,795,89.0
1329039849730,2961,SELL,2686,BUY,1705,89.0
1329039849730,2962,SELL,2686,BUY,570,89.0
1329039849730,2962,SELL,2743,BUY,1632,89.0
1329039849730,2963,SELL,2743,BUY,112,89.0
1329039849731,2963,SELL,2808,BUY,2371,89.0
1329039849991,2967,SELL,2808,BUY,607,89.0
1329039849991,2967,SELL,2889,BUY,1235,89.0
1329039849991,2967,SELL,2932,BUY,317,89.0
1329039850008,2968,BUY,2959,SELL,148,90.0
1329039850008,2968,BUY,2958,SELL,232,91.0
1329039850008,2968,BUY,2954,SELL,620,92.0
