1329048082742,3,SELL,2,BUY,2090,101.0
1329048082888,6,SELL,5,BUY,1000,98.0
1329048082903,7,BUY,4,SELL,1620,99.0
1329048082912,8,BUY,4,SELL,603,99.0
1329048083259,13,SELL,12,BUY,1307,98.0
1329048083363,14,SELL,12,BUY,753,98.0
1329048083366,15,BUY,14,SELL,474,98.0
1329048083366,15,BUY,9,SELL,1399,99.0
1329048083401,16,SELL,11,BUY,1169,97.0
1329048083583,23,SELL,20,BUY,2224,98.0
1329048083609,24,BUY,21,SELL,1601,104.0
1329048083609,24,BUY,17,SELL,465,105.0
1329048083802,29,BUY,25,SELL,1555,104.0
1329048083802,29,BUY,17,SELL,392,105.0
1329048083852,30,BUY,17,SELL,235,105.0
1329048083852,30,BUY,22,SELL,1180,109.0
1329048084054,31,BUY,22,SELL,1174,109.0
1329048084054,31,BUY,19,SELL,259,111.0
1329048084057,32,BUY,19,SELL,920,111.0
1329048084057,32,BUY,26,SELL,1395,111.0
1329048084124,34,SELL,27,BUY,1750,99.0
1329048084225,37,SELL,35,BUY,1179,100.0
1329048084395,39,SELL,35,BUY,949,100.0
1329048084395,39,SELL,27,BUY,17,99.0
1329048084395,39,SELL,28,BUY,1457,99.0
1329048084415,41,SELL,28,BUY,360,99.0
1329048084415,41,SELL,20,BUY,156,98.0
1329048084415,41,SELL,11,BUY,470,97.0
1329048084415,41,SELL,10,BUY,506,96.0
1329048084512,42,SELL,10,BUY,1302,96.0
1329048084512,42,SELL,18,BUY,1440,95.0
1329048084517,43,SELL,18,BUY,514,95.0
1329048084517,43,SELL,36,BUY,926,93.0
1329048084742,47,SELL,45,BUY,1601,96.0
1329048084742,47,SELL,36,BUY,59,93.0
1329048085003,51,BUY,50,SELL,1000,108.0
1329048085062,53,SELL,49,BUY,1273,94.0
1329048085072,54,SELL,49,BUY,375,94.0
1329048085072,54,SELL,36,BUY,676,93.0
1329048085203,57,BUY,55,SELL,1489,102.0
1329048085203,57,BUY,52,SELL,1240,109.0
1329048085253,58,BUY,52,SELL,1487,109.0
1329048085738,66,BUY,60,SELL,2478,101.0
1329048085738,66,BUY,61,SELL,394,104.0
1329048085914,70,SELL,68,BUY,2034,97.0
1329048085914,70,SELL,63,BUY,324,96.0
1329048086037,71,SELL,63,BUY,1234,96.0
1329048086204,74,SELL,63,BUY,226,96.0
1329048086204,74,SELL,56,BUY,1828,95.0
1329048086204,74,SELL,36,BUY,31,93.0
1329048086472,79,SELL,75,BUY,1225,94.0
1329048086472,79,SELL,36,BUY,937,93.0
1329048086472,79,SELL,62,BUY,466,93.0
1329048086637,82,SELL,62,BUY,1905,93.0
1329048086637,82,SELL,65,BUY,766,93.0
1329048086833,85,SELL,84,BUY,1134,95.0
1329048086872,86,BUY,80,SELL,1294,99.0
1329048086872,86,BUY,77,SELL,195,100.0
1329048087204,94,BUY,90,SELL,1152,99.0
1329048087246,95,BUY,90,SELL,1099,99.0
1329048087246,95,BUY,91,SELL,347,99.0
1329048087348,98,BUY,91,SELL,742,99.0
1329048087348,98,BUY,77,SELL,1241,100.0
1329048087348,98,BUY,76,SELL,172,101.0
1329048087363,99,SELL,93,BUY,1048,98.0
1329048087363,99,SELL,88,BUY,1949,97.0
1329048087490,101,BUY,76,SELL,1120,101.0
1329048087490,101,BUY,92,SELL,842,101.0
1329048087529,102,SELL,100,BUY,1560,98.0
1329048087649,106,SELL,100,BUY,448,98.0
1329048087649,106,SELL,88,BUY,1037,97.0
1329048087649,106,SELL,87,BUY,184,96.0
1329048087702,107,BUY,103,SELL,1116,100.0
1329048087702,107,BUY,105,SELL,601,100.0
1329048087823,108,SELL,87,BUY,1349,96.0
1329048087967,112,SELL,109,BUY,1569,97.0
1329048088052,114,BUY,112,SELL,1399,97.0
1329048088052,114,BUY,113,SELL,168,97.0
1329048088075,115,SELL,87,BUY,231,96.0
1329048088075,115,SELL,84,BUY,766,95.0
1329048088075,115,SELL,83,BUY,42,94.0
1329048088167,116,BUY,113,SELL,1753,97.0
1329048088167,116,BUY,111,SELL,128,98.0
1329048088443,122,BUY,118,SELL,1866,97.0
1329048088520,123,SELL,120,BUY,1452,96.0
1329048088559,124,BUY,118,SELL,698,97.0
1329048088559,124,BUY,119,SELL,647,97.0
1329048088684,126,BUY,119,SELL,1982,97.0
1329048088782,128,SELL,126,BUY,588,97.0
1329048088782,128,SELL,127,BUY,575,97.0
1329048088797,129,BUY,111,SELL,1213,98.0
1329048088868,131,SELL,127,BUY,1802,97.0
1329048089130,134,SELL,120,BUY,1035,96.0
1329048089240,136,BUY,134,SELL,1265,96.0
1329048089246,137,BUY,131,SELL,992,97.0
1329048089246,137,BUY,111,SELL,914,98.0
1329048089246,137,BUY,110,SELL,495,99.0
1329048089324,139,SELL,138,BUY,1415,97.0
1329048089324,139,SELL,136,BUY,928,96.0
1329048089324,139,SELL,117,BUY,327,95.0
1329048089460,140,SELL,117,BUY,1117,95.0
1329048089526,141,BUY,110,SELL,664,99.0
1329048089526,141,BUY,125,SELL,1330,99.0
1329048089526,141,BUY,105,SELL,701,100.0
1329048089548,142,SELL,117,BUY,415,95.0
1329048089548,142,SELL,130,BUY,2105,95.0
1329048089569,143,SELL,130,BUY,230,95.0
1329048089569,143,SELL,83,BUY,2149,94.0
1329048089569,143,SELL,89,BUY,500,94.0
1329048089813,145,BUY,144,SELL,1496,99.0
1329048089813,145,BUY,105,SELL,118,100.0
1329048089813,145,BUY,92,SELL,86,101.0
1329048089910,146,SELL,89,BUY,1492,94.0
1329048089910,146,SELL,65,BUY,384,93.0
1329048089910,146,SELL,135,BUY,726,93.0
1329048089964,149,SELL,135,BUY,663,93.0
1329048089964,149,SELL,44,BUY,2068,91.0
1329048089991,150,SELL,44,BUY,560,91.0
1329048089991,150,SELL,64,BUY,577,91.0
1329048090202,156,BUY,154,SELL,1583,99.0
1329048090202,156,BUY,147,SELL,83,100.0
1329048090572,159,SELL,155,BUY,1691,92.0
1329048090640,161,SELL,155,BUY,496,92.0
1329048090640,161,SELL,64,BUY,2120,91.0
1329048090737,163,SELL,162,BUY,1623,92.0
1329048091127,170,BUY,168,SELL,1161,96.0
1329048091198,172,SELL,171,BUY,1796,95.0
1329048091200,173,SELL,171,BUY,992,95.0
1329048091214,174,BUY,173,SELL,513,95.0
1329048091214,174,BUY,168,SELL,1087,96.0
1329048091214,174,BUY,166,SELL,733,97.0
1329048091512,178,SELL,169,BUY,1552,94.0
1329048091512,178,SELL,167,BUY,958,93.0
1329048091623,181,SELL,180,BUY,1146,94.0
1329048091623,181,SELL,167,BUY,197,93.0
1329048091651,182,SELL,167,BUY,1224,93.0
1329048091843,185,BUY,177,SELL,2540,96.0
1329048091968,188,BUY,186,SELL,2211,95.0
1329048091968,188,BUY,177,SELL,337,96.0
1329048092083,190,SELL,189,BUY,1503,95.0
1329048092181,192,BUY,177,SELL,26,96.0
1329048092181,192,BUY,179,SELL,1436,96.0
1329048092184,193,SELL,192,BUY,26,96.0
1329048092185,193,SELL,189,BUY,1473,95.0
1329048092246,194,SELL,187,BUY,1537,94.0
1329048092246,194,SELL,167,BUY,4,93.0
1329048092246,194,SELL,162,BUY,443,92.0
1329048092455,198,BUY,195,SELL,1802,94.0
1329048092455,198,BUY,197,SELL,598,94.0
1329048092456,199,SELL,196,BUY,1616,93.0
1329048092456,199,SELL,162,BUY,561,92.0
1329048092979,206,SELL,162,BUY,279,92.0
1329048092982,207,BUY,206,SELL,1089,92.0
1329048093001,209,BUY,206,SELL,501,92.0
1329048093001,209,BUY,200,SELL,1224,93.0
1329048093001,209,BUY,197,SELL,67,94.0
1329048093147,211,BUY,210,SELL,1355,93.0
1329048093147,211,BUY,197,SELL,607,94.0
1329048093212,212,SELL,64,BUY,208,91.0
1329048093212,212,SELL,133,BUY,2138,91.0
1329048093411,216,SELL,214,BUY,1379,92.0
1329048093411,216,SELL,133,BUY,538,91.0
1329048093475,218,BUY,217,SELL,2441,92.0
1329048093476,219,SELL,133,BUY,224,91.0
1329048093525,220,BUY,219,SELL,1165,91.0
1329048093526,221,BUY,219,SELL,398,91.0
1329048093526,221,BUY,217,SELL,417,92.0
1329048093526,221,BUY,213,SELL,1643,93.0
1329048093566,223,BUY,213,SELL,21,93.0
1329048093566,223,BUY,197,SELL,819,94.0
1329048093566,223,BUY,193,SELL,1420,95.0
1329048093566,223,BUY,203,SELL,444,96.0
1329048093637,224,BUY,203,SELL,1373,96.0
1329048093637,224,BUY,166,SELL,603,97.0
1329048093637,224,BUY,191,SELL,953,97.0
1329048093783,226,SELL,225,BUY,1474,91.0
1329048093783,226,SELL,96,BUY,1240,90.0
1329048094034,231,SELL,228,BUY,1593,91.0
1329048094034,231,SELL,96,BUY,1108,90.0
1329048094145,233,BUY,229,SELL,1099,96.0
1329048094187,235,BUY,234,SELL,1778,95.0
1329048094187,235,BUY,229,SELL,239,96.0
1329048094233,236,BUY,229,SELL,505,96.0
1329048094233,236,BUY,191,SELL,1569,97.0
1329048094233,236,BUY,230,SELL,300,97.0
1329048094659,245,SELL,244,BUY,1103,91.0
1329048094659,245,SELL,96,BUY,230,90.0
1329048094847,248,BUY,247,SELL,1898,95.0
1329048095090,251,BUY,249,SELL,1051,94.0
1329048095283,256,BUY,249,SELL,1812,94.0
1329048095283,256,BUY,247,SELL,357,95.0
1329048095310,257,SELL,254,BUY,2324,92.0
1329048095310,257,SELL,252,BUY,107,91.0
1329048095386,260,SELL,252,BUY,1086,91.0
1329048095386,260,SELL,96,BUY,89,90.0
1329048095386,260,SELL,208,BUY,665,90.0
1329048095483,261,SELL,208,BUY,1950,90.0
1329048095483,261,SELL,59,BUY,133,89.0
1329048095723,267,BUY,266,SELL,1303,92.0
1329048096075,271,BUY,266,SELL,1128,92.0
1329048096075,271,BUY,263,SELL,574,93.0
1329048096268,277,BUY,276,SELL,1543,91.0
1329048096435,278,BUY,273,SELL,1898,92.0
1329048096470,279,SELL,278,BUY,1100,92.0
1329048096528,281,SELL,277,BUY,921,91.0
1329048096528,281,SELL,272,BUY,511,90.0
1329048096656,283,SELL,272,BUY,1800,90.0
1329048096656,283,SELL,59,BUY,295,89.0
1329048096831,285,BUY,279,SELL,1695,92.0
1329048096831,285,BUY,263,SELL,991,93.0
1329048097089,290,SELL,59,BUY,1997,89.0
1329048097089,290,SELL,152,BUY,559,89.0
1329048097133,291,BUY,288,SELL,1179,92.0
1329048097133,291,BUY,263,SELL,1174,93.0
1329048097133,291,BUY,284,SELL,113,93.0
1329048097292,293,SELL,152,BUY,1414,89.0
1329048097292,293,SELL,239,BUY,162,89.0
1329048097430,296,SELL,295,BUY,1532,90.0
1329048097430,296,SELL,239,BUY,1293,89.0
1329048097584,299,BUY,294,SELL,1245,92.0
1329048097692,300,BUY,284,SELL,1414,93.0
1329048097692,300,BUY,259,SELL,76,94.0
1329048097702,301,BUY,259,SELL,1476,94.0
1329048097702,301,BUY,247,SELL,328,95.0
1329048097907,304,SELL,299,BUY,389,92.0
1329048097907,304,SELL,298,BUY,2402,91.0
1329048097911,306,BUY,303,SELL,1901,93.0
1329048097911,306,BUY,302,SELL,1029,94.0
1329048097966,307,BUY,302,SELL,1218,94.0
1329048098058,308,BUY,302,SELL,418,94.0
1329048098058,308,BUY,247,SELL,316,95.0
1329048098058,308,BUY,305,SELL,1268,95.0
1329048098066,309,BUY,305,SELL,642,95.0
1329048098066,309,BUY,241,SELL,1627,96.0
1329048098181,313,SELL,298,BUY,366,91.0
1329048098182,313,SELL,297,BUY,1058,90.0
1329048098182,313,SELL,239,BUY,691,89.0
1329048098182,313,SELL,264,BUY,83,89.0
1329048098239,314,SELL,264,BUY,2282,89.0
1329048098239,314,SELL,275,BUY,97,89.0
1329048098528,317,SELL,315,BUY,2811,90.0
1329048098528,317,SELL,275,BUY,173,89.0
1329048098528,318,SELL,275,BUY,1877,89.0
1329048098536,319,BUY,311,SELL,1893,94.0
1329048098616,320,BUY,311,SELL,83,94.0
1329048098616,320,BUY,312,SELL,1194,94.0
1329048098821,324,BUY,321,SELL,1280,93.0
1329048098821,324,BUY,312,SELL,827,94.0
1329048098980,327,BUY,326,SELL,1353,93.0
1329048098980,327,BUY,312,SELL,852,94.0
1329048098980,327,BUY,310,SELL,481,95.0
1329048099021,328,BUY,310,SELL,1073,95.0
1329048099034,329,SELL,323,BUY,2463,90.0
1329048099397,335,BUY,334,SELL,2532,94.0
1329048099472,337,BUY,334,SELL,61,94.0
1329048099472,337,BUY,310,SELL,428,95.0
1329048099472,337,BUY,322,SELL,1203,95.0
1329048099488,338,BUY,322,SELL,1362,95.0
1329048099488,338,BUY,241,SELL,1046,96.0
1329048099488,338,BUY,242,SELL,251,96.0
1329048099508,340,BUY,242,SELL,1076,96.0
1329048099508,340,BUY,280,SELL,1329,96.0
1329048099871,342,BUY,280,SELL,1108,96.0
1329048099987,348,BUY,346,SELL,1226,95.0
1329048100052,350,BUY,346,SELL,384,95.0
1329048100080,351,SELL,350,BUY,1013,95.0
1329048100105,352,SELL,344,BUY,2039,94.0
1329048100105,352,SELL,333,BUY,165,93.0
1329048100167,353,SELL,333,BUY,1012,93.0
1329048100167,353,SELL,343,BUY,816,93.0
1329048100211,355,BUY,351,SELL,640,95.0
1329048100211,355,BUY,280,SELL,144,96.0
1329048100211,355,BUY,292,SELL,1552,96.0
1329048100211,355,BUY,230,SELL,518,97.0
1329048100257,356,SELL,343,BUY,1730,93.0
1329048100257,356,SELL,332,BUY,247,92.0
1329048100375,357,BUY,230,SELL,675,97.0
1329048100375,357,BUY,347,SELL,905,97.0
1329048100443,360,BUY,359,SELL,2653,96.0
1329048100619,364,SELL,332,BUY,1527,92.0
1329048100627,365,SELL,332,BUY,772,92.0
1329048100627,365,SELL,339,BUY,517,92.0
1329048100830,366,SELL,339,BUY,1523,92.0
1329048101109,373,SELL,367,BUY,2166,93.0
1329048101324,374,SELL,367,BUY,695,93.0
1329048101326,375,BUY,374,SELL,1038,93.0
1329048101326,375,BUY,370,SELL,1907,94.0
1329048101363,376,SELL,339,BUY,716,92.0
1329048101363,376,SELL,369,BUY,1442,92.0
1329048101384,377,SELL,369,BUY,488,92.0
1329048101384,377,SELL,330,BUY,1242,91.0
1329048101693,381,SELL,379,BUY,1666,92.0
1329048101727,382,BUY,378,SELL,2723,93.0
1329048101727,382,BUY,380,SELL,189,93.0
1329048101787,383,SELL,379,BUY,592,92.0
1329048101808,385,SELL,330,BUY,697,91.0
1329048101940,386,SELL,323,BUY,242,90.0
1329048101940,386,SELL,325,BUY,2516,90.0
1329048101995,387,BUY,385,SELL,459,91.0
1329048101995,387,BUY,383,SELL,417,92.0
1329048101995,387,BUY,380,SELL,1114,93.0
1329048102081,389,BUY,388,SELL,1091,92.0
1329048102227,390,BUY,388,SELL,956,92.0
1329048102227,390,BUY,380,SELL,329,93.0
1329048102229,391,BUY,380,SELL,437,93.0
1329048102229,391,BUY,384,SELL,732,93.0
1329048102458,396,BUY,393,SELL,1081,92.0
1329048102461,398,SELL,395,BUY,1835,91.0
1329048102540,399,BUY,393,SELL,1292,92.0
1329048102540,399,BUY,384,SELL,192,93.0
1329048102542,400,BUY,384,SELL,174,93.0
1329048102542,400,BUY,370,SELL,1042,94.0
1329048102542,400,BUY,361,SELL,394,95.0
1329048102829,405,SELL,404,BUY,2348,92.0
1329048102829,405,SELL,395,BUY,150,91.0
1329048102930,408,SELL,395,BUY,528,91.0
1329048102930,408,SELL,407,BUY,836,91.0
1329048103064,412,SELL,410,BUY,2748,92.0
1329048103064,412,SELL,407,BUY,204,91.0
1329048103199,414,SELL,413,BUY,2240,92.0
1329048103580,420,SELL,418,BUY,2598,93.0
1329048103595,422,BUY,416,SELL,1074,94.0
1329048103595,422,BUY,361,SELL,518,95.0
1329048103674,423,BUY,361,SELL,1892,95.0
1329048103674,423,BUY,397,SELL,385,95.0
1329048103691,424,BUY,397,SELL,1844,95.0
1329048103691,424,BUY,415,SELL,45,95.0
1329048103775,425,SELL,418,BUY,229,93.0
1329048103775,425,SELL,413,BUY,326,92.0
1329048103775,425,SELL,407,BUY,781,91.0
1329048103775,425,SELL,325,BUY,233,90.0
1329048103775,425,SELL,368,BUY,479,90.0
1329048104055,428,SELL,427,BUY,2040,91.0
1329048104328,432,SELL,427,BUY,607,91.0
1329048104328,432,SELL,368,BUY,1151,90.0
1329048104328,432,SELL,275,BUY,548,89.0
1329048104527,435,SELL,433,BUY,1402,90.0
1329048104687,438,BUY,431,SELL,1293,92.0
1329048104746,439,SELL,437,BUY,1507,91.0
1329048104859,443,BUY,439,SELL,1050,91.0
1329048104859,443,BUY,431,SELL,318,92.0
1329048104949,445,BUY,431,SELL,729,92.0
1329048104949,445,BUY,429,SELL,1847,93.0
1329048105296,451,BUY,446,SELL,1246,92.0
1329048105547,455,SELL,444,BUY,1029,91.0
1329048105616,456,SELL,444,BUY,1021,91.0
1329048105616,456,SELL,433,BUY,525,90.0
1329048105644,457,SELL,433,BUY,627,90.0
1329048105644,457,SELL,434,BUY,635,90.0
1329048105675,459,BUY,458,SELL,1007,91.0
1329048105725,460,BUY,446,SELL,957,92.0
1329048105725,460,BUY,448,SELL,1447,92.0
1329048105725,460,BUY,450,SELL,553,92.0
1329048105756,461,SELL,459,BUY,1578,91.0
1329048105757,462,SELL,459,BUY,59,91.0
1329048105757,462,SELL,434,BUY,1354,90.0
1329048105757,462,SELL,449,BUY,750,90.0
1329048105820,464,BUY,463,SELL,1443,91.0
1329048105875,465,SELL,464,BUY,1484,91.0
1329048106012,466,BUY,465,SELL,198,91.0
1329048106013,466,BUY,450,SELL,1042,92.0
1329048106138,469,BUY,450,SELL,298,92.0
1329048106138,469,BUY,429,SELL,661,93.0
1329048106138,469,BUY,426,SELL,117,94.0
1329048106208,471,BUY,426,SELL,1456,94.0
1329048106208,471,BUY,415,SELL,810,95.0
1329048106281,473,BUY,415,SELL,1629,95.0
1329048106311,475,BUY,474,SELL,1349,94.0
1329048106311,475,BUY,415,SELL,17,95.0
1329048106311,475,BUY,440,SELL,215,95.0
1329048106554,477,SELL,449,BUY,826,90.0
1329048106554,477,SELL,453,BUY,1129,90.0
1329048106568,478,BUY,476,SELL,1188,94.0
1329048106568,478,BUY,440,SELL,659,95.0
1329048106683,481,BUY,440,SELL,1602,95.0
1329048106683,481,BUY,472,SELL,422,95.0
1329048106780,484,BUY,472,SELL,1063,95.0
1329048106780,484,BUY,359,SELL,91,96.0
1329048106780,484,BUY,347,SELL,317,97.0
1329048107012,490,BUY,486,SELL,1144,95.0
1329048107012,490,BUY,485,SELL,1377,96.0
1329048107181,492,SELL,489,BUY,1094,93.0
1329048107181,492,SELL,488,BUY,1519,92.0
1329048107221,493,SELL,488,BUY,1172,92.0
1329048107221,493,SELL,482,BUY,1150,91.0
1329048107276,494,SELL,482,BUY,723,91.0
1329048107276,494,SELL,483,BUY,486,91.0
1329048107576,503,BUY,502,SELL,1933,94.0
1329048107576,503,BUY,491,SELL,296,95.0
1329048107936,510,BUY,491,SELL,763,95.0
1329048107936,510,BUY,485,SELL,811,96.0
1329048107936,510,BUY,487,SELL,162,96.0
1329048107990,511,SELL,504,BUY,1069,93.0
1329048108040,512,BUY,487,SELL,1666,96.0
1329048108193,516,BUY,515,SELL,1546,94.0
1329048108237,517,BUY,515,SELL,530,94.0
1329048108237,517,BUY,514,SELL,1892,95.0
1329048108322,519,BUY,514,SELL,648,95.0
1329048108322,519,BUY,487,SELL,822,96.0
1329048108462,523,BUY,521,SELL,1784,95.0
1329048108463,523,BUY,487,SELL,238,96.0
1329048108463,523,BUY,520,SELL,897,96.0
1329048108581,525,BUY,520,SELL,467,96.0
1329048108581,525,BUY,347,SELL,388,97.0
1329048108581,525,BUY,160,SELL,914,98.0
1329048108819,528,SELL,504,BUY,1002,93.0
1329048108819,528,SELL,499,BUY,1839,92.0
1329048109085,532,SELL,531,BUY,1480,93.0
1329048109085,532,SELL,499,BUY,315,92.0
1329048109098,533,BUY,530,SELL,1968,95.0
1329048109141,534,BUY,530,SELL,849,95.0
1329048109141,534,BUY,527,SELL,2128,96.0
1329048109575,541,BUY,535,SELL,2470,95.0
1329048109726,543,SELL,538,BUY,1331,94.0
1329048109741,544,SELL,538,BUY,1133,94.0
1329048109792,546,BUY,544,SELL,1243,94.0
1329048109905,549,SELL,546,BUY,969,94.0
1329048109905,549,SELL,537,BUY,2008,93.0
1329048109979,551,SELL,537,BUY,176,93.0
1329048110040,552,BUY,551,SELL,1430,93.0
1329048110040,552,BUY,550,SELL,1245,94.0
1329048110093,553,BUY,550,SELL,373,94.0
1329048110093,553,BUY,535,SELL,528,95.0
1329048110093,553,BUY,545,SELL,659,95.0
1329048110095,554,SELL,499,BUY,620,92.0
1329048110095,554,SELL,501,BUY,1041,92.0
1329048110161,556,BUY,545,SELL,358,95.0
1329048110161,556,BUY,527,SELL,292,96.0
1329048110161,556,BUY,526,SELL,567,97.0
1329048110261,558,BUY,526,SELL,1789,97.0
1329048110261,558,BUY,160,SELL,19,98.0
1329048110308,559,SELL,555,BUY,1100,93.0
1329048110308,559,SELL,501,BUY,364,92.0
1329048110308,559,SELL,483,BUY,439,91.0
1329048110493,561,BUY,560,SELL,2539,97.0
1329048110493,561,BUY,160,SELL,188,98.0
1329048110592,565,SELL,563,BUY,1707,93.0
1329048110592,565,SELL,562,BUY,557,92.0
1329048110776,567,SELL,566,BUY,2011,93.0
1329048110776,567,SELL,562,BUY,651,92.0
1329048110823,568,SELL,562,BUY,815,92.0
1329048110823,568,SELL,483,BUY,270,91.0
1329048110823,569,BUY,564,SELL,1451,97.0
1329048110855,572,SELL,571,BUY,1341,92.0
1329048111020,575,BUY,564,SELL,742,97.0
1329048111020,575,BUY,160,SELL,1137,98.0
1329048111079,576,BUY,160,SELL,718,98.0
1329048111079,576,BUY,202,SELL,2166,98.0
1329048111194,579,SELL,571,BUY,331,92.0
1329048111194,579,SELL,483,BUY,1132,91.0
1329048111374,585,BUY,582,SELL,1538,95.0
1329048111375,585,BUY,580,SELL,706,96.0
1329048111563,587,BUY,580,SELL,808,96.0
1329048111564,587,BUY,578,SELL,1905,97.0
1329048111577,588,BUY,578,SELL,167,97.0
1329048111577,588,BUY,202,SELL,217,98.0
1329048111577,588,BUY,345,SELL,1003,98.0
1329048111695,591,SELL,586,BUY,2091,94.0
1329048111695,591,SELL,584,BUY,721,93.0
1329048111779,594,SELL,584,BUY,1102,93.0
1329048111779,594,SELL,593,BUY,172,93.0
1329048111850,595,BUY,592,SELL,1109,96.0
1329048111850,595,BUY,590,SELL,1270,97.0
1329048112064,600,SELL,593,BUY,1133,93.0
1329048112064,600,SELL,583,BUY,893,92.0
1329048112081,601,SELL,583,BUY,594,92.0
1329048112081,601,SELL,483,BUY,404,91.0
1329048112081,601,SELL,506,BUY,522,91.0
1329048112100,602,BUY,598,SELL,2186,94.0
1329048112100,602,BUY,597,SELL,504,95.0
1329048112153,603,SELL,506,BUY,1404,91.0
1329048112303,604,BUY,597,SELL,2311,95.0
1329048112303,604,BUY,596,SELL,349,96.0
1329048112550,609,SELL,607,BUY,1421,92.0
1329048112550,609,SELL,506,BUY,904,91.0
1329048112550,609,SELL,453,BUY,410,90.0
1329048112645,610,SELL,453,BUY,1272,90.0
1329048112645,610,SELL,480,BUY,114,90.0
1329048112690,611,SELL,480,BUY,2044,90.0
1329048112690,611,SELL,497,BUY,717,90.0
1329048112794,613,SELL,497,BUY,956,90.0
1329048112794,613,SELL,507,BUY,1989,90.0
1329048112902,619,BUY,618,SELL,1482,93.0
1329048112902,619,BUY,615,SELL,1342,94.0
1329048113199,621,BUY,615,SELL,1195,94.0
1329048113199,621,BUY,614,SELL,1212,95.0
1329048113199,621,BUY,596,SELL,427,96.0
1329048113271,624,BUY,622,SELL,1260,95.0
1329048113271,624,BUY,596,SELL,1303,96.0
1329048113271,624,BUY,590,SELL,197,97.0
1329048113368,626,BUY,590,SELL,992,97.0
1329048113368,626,BUY,345,SELL,105,98.0
1329048113487,628,BUY,345,SELL,117,98.0
1329048113487,628,BUY,354,SELL,1183,98.0
1329048113836,633,BUY,631,SELL,1034,96.0
1329048113836,633,BUY,629,SELL,548,97.0
1329048113966,638,SELL,632,BUY,2248,93.0
1329048114021,639,BUY,637,SELL,1139,94.0
1329048114098,640,BUY,637,SELL,346,94.0
1329048114202,643,BUY,636,SELL,1029,95.0
1329048114202,643,BUY,635,SELL,1528,96.0
1329048114220,644,SELL,640,BUY,1483,94.0
1329048114372,646,BUY,635,SELL,481,96.0
1329048114421,647,BUY,629,SELL,1440,97.0
1329048114632,652,BUY,354,SELL,33,98.0
1329048114633,652,BUY,557,SELL,1439,98.0
1329048114649,653,BUY,557,SELL,723,98.0
1329048114649,653,BUY,612,SELL,421,98.0
1329048114684,654,BUY,612,SELL,1253,98.0
1329048114684,654,BUY,157,SELL,689,99.0
1329048114863,658,BUY,157,SELL,824,99.0
1329048114863,658,BUY,215,SELL,923,99.0
1329048114974,659,BUY,215,SELL,1610,99.0
1329048114974,659,BUY,232,SELL,193,99.0
1329048115074,660,BUY,232,SELL,1485,99.0
1329048115074,660,BUY,258,SELL,1457,99.0
1329048115141,662,BUY,258,SELL,1008,99.0
1329048115141,662,BUY,402,SELL,71,99.0
1329048115178,663,BUY,402,SELL,2905,99.0
1329048115178,663,BUY,441,SELL,71,99.0
1329048115211,665,SELL,656,BUY,1468,98.0
1329048115308,666,BUY,441,SELL,1924,99.0
1329048115315,667,BUY,441,SELL,443,99.0
1329048115315,667,BUY,495,SELL,1521,99.0
1329048115315,667,BUY,522,SELL,105,99.0
1329048115412,669,SELL,656,BUY,90,98.0
1329048115412,669,SELL,647,BUY,1454,97.0
1329048115448,670,SELL,647,BUY,88,97.0
1329048115448,670,SELL,651,BUY,1048,97.0
1329048115578,672,SELL,651,BUY,1137,97.0
1329048115578,672,SELL,664,BUY,239,97.0
1329048115631,673,BUY,671,SELL,2175,98.0
1329048115750,674,SELL,664,BUY,1484,97.0
1329048115787,675,SELL,646,BUY,2159,96.0
1329048115787,675,SELL,645,BUY,344,95.0
1329048115871,677,BUY,674,SELL,1411,97.0
1329048115871,677,BUY,671,SELL,31,98.0
1329048115872,677,BUY,522,SELL,123,99.0
1329048115940,680,SELL,678,BUY,2370,96.0
1329048116119,683,BUY,522,SELL,1059,99.0
1329048116137,684,BUY,522,SELL,990,99.0
1329048116137,684,BUY,529,SELL,1312,99.0
1329048116266,685,SELL,681,BUY,1434,97.0
1329048116266,685,SELL,678,BUY,543,96.0
1329048116266,685,SELL,645,BUY,620,95.0
1329048116302,686,BUY,529,SELL,168,99.0
1329048116302,686,BUY,539,SELL,1438,99.0
1329048116302,686,BUY,617,SELL,297,99.0
1329048116375,687,SELL,645,BUY,1201,95.0
1329048116375,687,SELL,640,BUY,840,94.0
1329048116375,687,SELL,632,BUY,59,93.0
1329048116375,687,SELL,620,BUY,125,92.0
1329048116567,691,SELL,689,BUY,1212,93.0
1329048116567,691,SELL,690,BUY,1542,93.0
1329048116654,692,BUY,617,SELL,1730,99.0
1329048116700,693,BUY,617,SELL,855,99.0
1329048116700,693,BUY,642,SELL,394,99.0
1329048116716,694,BUY,642,SELL,2373,99.0
1329048116716,694,BUY,147,SELL,440,100.0
1329048116758,697,SELL,695,BUY,2088,94.0
1329048116758,697,SELL,690,BUY,565,93.0
1329048116758,697,SELL,620,BUY,246,92.0
1329048116816,698,SELL,620,BUY,1147,92.0
1329048116816,698,SELL,630,BUY,146,92.0
1329048117224,704,SELL,630,BUY,2305,92.0
1329048117224,704,SELL,634,BUY,73,92.0
1329048117259,705,SELL,634,BUY,2012,92.0
1329048117259,705,SELL,701,BUY,686,92.0
1329048117493,707,BUY,703,SELL,1723,98.0
1329048117537,709,SELL,706,BUY,2465,93.0
1329048117537,709,SELL,701,BUY,408,92.0
1329048117537,709,SELL,616,BUY,58,91.0
1329048117570,712,BUY,710,SELL,1049,97.0
1329048117570,712,BUY,711,SELL,1356,97.0
1329048117692,714,SELL,616,BUY,1622,91.0
1329048117835,717,SELL,715,BUY,1251,92.0
1329048117835,717,SELL,616,BUY,420,91.0
1329048117898,718,SELL,616,BUY,530,91.0
1329048117898,718,SELL,641,BUY,541,91.0
1329048117908,719,SELL,641,BUY,1717,91.0
1329048118001,721,SELL,720,BUY,1785,92.0
1329048118001,721,SELL,641,BUY,19,91.0
1329048118001,721,SELL,650,BUY,334,91.0
1329048118091,722,BUY,713,SELL,1565,96.0
1329048118438,727,SELL,650,BUY,1438,91.0
1329048118438,727,SELL,507,BUY,678,90.0
1329048118438,727,SELL,574,BUY,820,90.0
1329048118661,730,BUY,725,SELL,1982,95.0
1329048118661,730,BUY,713,SELL,603,96.0
1329048118942,737,BUY,713,SELL,781,96.0
1329048118942,737,BUY,711,SELL,18,97.0
1329048118942,737,BUY,733,SELL,642,97.0
1329048119302,744,SELL,742,BUY,2840,92.0
1329048119438,746,SELL,742,BUY,33,92.0
1329048119438,746,SELL,743,BUY,2207,92.0
1329048119507,749,SELL,743,BUY,533,92.0
1329048119507,749,SELL,732,BUY,1168,91.0
1329048119509,750,BUY,748,SELL,1640,94.0
1329048119509,750,BUY,745,SELL,53,95.0
1329048119711,754,SELL,753,BUY,2421,92.0
1329048119728,755,SELL,753,BUY,107,92.0
1329048119728,755,SELL,732,BUY,27,91.0
1329048119728,755,SELL,574,BUY,455,90.0
1329048119728,755,SELL,608,BUY,1271,90.0
1329048119806,757,BUY,752,SELL,1273,93.0
1329048119912,759,SELL,756,BUY,1062,91.0
1329048119912,759,SELL,758,BUY,1441,91.0
1329048119956,760,SELL,758,BUY,939,91.0
1329048119956,760,SELL,608,BUY,584,90.0
1329048119956,760,SELL,661,BUY,216,90.0
1329048120273,763,SELL,661,BUY,2255,90.0
1329048120273,763,SELL,275,BUY,8,89.0
1329048120368,765,BUY,764,SELL,1502,92.0
1329048120368,765,BUY,752,SELL,357,93.0
1329048120368,765,BUY,751,SELL,822,94.0
1329048120369,766,SELL,275,BUY,99,89.0
1329048120369,766,SELL,371,BUY,2086,89.0
1329048120566,770,BUY,768,SELL,1848,93.0
1329048120566,770,BUY,751,SELL,156,94.0
1329048120581,771,SELL,767,BUY,1273,90.0
1329048120581,771,SELL,371,BUY,680,89.0
1329048120581,771,SELL,394,BUY,714,89.0
1329048120789,774,BUY,751,SELL,875,94.0
1329048120789,774,BUY,769,SELL,477,94.0
1329048120906,776,BUY,775,SELL,1412,93.0
1329048120980,778,BUY,777,SELL,2187,92.0
1329048121015,780,BUY,777,SELL,438,92.0
1329048121015,780,BUY,775,SELL,1022,93.0
1329048121015,780,BUY,769,SELL,419,94.0
1329048121085,782,BUY,769,SELL,1041,94.0
1329048121085,782,BUY,745,SELL,1276,95.0
1329048121336,786,SELL,779,BUY,1115,90.0
1329048121336,786,SELL,394,BUY,107,89.0
1329048121552,789,BUY,788,SELL,2239,92.0
1329048121711,793,SELL,394,BUY,661,89.0
1329048121711,793,SELL,452,BUY,2105,89.0
1329048121984,795,SELL,452,BUY,588,89.0
1329048121984,795,SELL,470,BUY,1126,89.0
1329048121984,795,SELL,479,BUY,2,89.0
1329048121995,797,SELL,479,BUY,2020,89.0
1329048121995,797,SELL,518,BUY,117,89.0
1329048122356,800,SELL,518,BUY,1054,89.0
1329048122487,802,BUY,792,SELL,1261,91.0
1329048122512,804,BUY,792,SELL,1343,91.0
1329048122512,804,BUY,788,SELL,106,92.0
1329048122512,804,BUY,787,SELL,580,93.0
1329048122788,807,SELL,806,BUY,2421,92.0
1329048122966,809,BUY,807,SELL,515,92.0
1329048122966,809,BUY,787,SELL,1976,93.0
1329048123085,811,SELL,805,BUY,1926,91.0
1329048123085,811,SELL,801,BUY,312,90.0
1329048123300,815,SELL,801,BUY,1113,90.0
1329048123374,818,BUY,813,SELL,2302,91.0
1329048123396,819,BUY,812,SELL,2040,92.0
1329048123538,822,BUY,812,SELL,611,92.0
1329048123621,825,BUY,787,SELL,19,93.0
1329048123717,826,SELL,825,BUY,1806,93.0
1329048123717,826,SELL,822,BUY,478,92.0
1329048123803,827,SELL,822,BUY,1444,92.0
1329048123803,827,SELL,823,BUY,1085,92.0
1329048123836,829,BUY,784,SELL,1269,94.0
1329048123870,830,BUY,784,SELL,385,94.0
1329048123871,830,BUY,799,SELL,869,94.0
1329048123976,832,BUY,799,SELL,1235,94.0
1329048123976,832,BUY,816,SELL,410,94.0
1329048124066,834,SELL,823,BUY,916,92.0
1329048124066,834,SELL,824,BUY,689,92.0
1329048124293,837,SELL,824,BUY,1987,92.0
1329048124326,838,SELL,818,BUY,649,91.0
1329048124326,838,SELL,801,BUY,802,90.0
1329048124326,838,SELL,814,BUY,71,90.0
1329048124357,839,BUY,837,SELL,71,92.0
1329048124357,839,BUY,836,SELL,1430,93.0
1329048124357,839,BUY,816,SELL,584,94.0
1329048124488,841,SELL,814,BUY,2418,90.0
1329048124488,841,SELL,518,BUY,146,89.0
1329048124576,842,SELL,518,BUY,481,89.0
1329048124576,842,SELL,540,BUY,994,89.0
1329048124656,844,SELL,843,BUY,1472,90.0
1329048124656,844,SELL,540,BUY,629,89.0
1329048124656,844,SELL,589,BUY,170,89.0
1329048124706,847,BUY,840,SELL,2231,92.0
1329048124792,849,SELL,845,BUY,1465,90.0
1329048124808,850,BUY,840,SELL,110,92.0
1329048124808,850,BUY,816,SELL,1978,94.0
1329048125217,856,SELL,845,BUY,165,90.0
1329048125217,856,SELL,589,BUY,1332,89.0
1329048125233,857,BUY,851,SELL,2857,93.0
1329048125233,857,BUY,855,SELL,77,93.0
1329048125325,860,SELL,589,BUY,375,89.0
1329048125325,860,SELL,623,BUY,772,89.0
1329048125628,866,BUY,865,SELL,1313,92.0
1329048125718,867,BUY,855,SELL,1325,93.0
1329048125889,869,SELL,867,BUY,1039,93.0
1329048125889,869,SELL,866,BUY,80,92.0
1329048126020,871,SELL,870,BUY,1705,93.0
1329048126020,871,SELL,866,BUY,135,92.0
1329048126119,872,BUY,816,SELL,24,94.0
1329048126119,872,BUY,831,SELL,1115,94.0
1329048126174,874,BUY,831,SELL,639,94.0
1329048126174,874,BUY,873,SELL,1052,94.0
1329048126174,874,BUY,745,SELL,110,95.0
1329048126174,874,BUY,858,SELL,761,95.0
1329048126180,875,SELL,866,BUY,564,92.0
1329048126180,875,SELL,863,BUY,2143,91.0
1329048126180,875,SELL,861,BUY,138,90.0
1329048126316,878,BUY,858,SELL,1767,95.0
1329048126587,881,BUY,858,SELL,193,95.0
1329048126587,881,BUY,859,SELL,1389,95.0
1329048126917,887,BUY,883,SELL,1203,94.0
1329048126917,887,BUY,885,SELL,631,94.0
1329048126939,888,SELL,884,BUY,1066,93.0
1329048127082,889,SELL,884,BUY,214,93.0
1329048127105,890,SELL,880,BUY,1556,92.0
1329048127114,891,BUY,889,SELL,1664,93.0
1329048127114,891,BUY,885,SELL,1298,94.0
1329048127207,894,BUY,892,SELL,1140,93.0
1329048127207,894,BUY,885,SELL,530,94.0
1329048127296,896,BUY,885,SELL,490,94.0
1329048127296,896,BUY,859,SELL,336,95.0
1329048127296,896,BUY,886,SELL,200,95.0
1329048127556,899,SELL,898,BUY,1427,94.0
1329048127556,899,SELL,895,BUY,517,93.0
1329048127592,900,BUY,886,SELL,1782,95.0
1329048127690,903,BUY,886,SELL,39,95.0
1329048127690,903,BUY,897,SELL,2092,95.0
1329048127778,904,BUY,897,SELL,247,95.0
1329048127831,905,BUY,740,SELL,1744,96.0
1329048127831,905,BUY,761,SELL,1182,96.0
1329048127929,907,BUY,761,SELL,1001,96.0
1329048127929,907,BUY,791,SELL,1186,96.0
1329048127991,908,SELL,904,BUY,1339,95.0
1329048128022,910,BUY,791,SELL,1093,96.0
1329048128022,910,BUY,821,SELL,1157,96.0
1329048128076,912,SELL,904,BUY,253,95.0
1329048128077,913,SELL,902,BUY,1008,94.0
1329048128130,914,BUY,912,SELL,2478,95.0
1329048128280,915,BUY,821,SELL,1448,96.0
1329048128280,915,BUY,833,SELL,834,96.0
1329048128293,916,BUY,833,SELL,1665,96.0
1329048128293,916,BUY,879,SELL,764,96.0
1329048128416,918,SELL,914,BUY,429,95.0
1329048128416,918,SELL,902,BUY,1186,94.0
1329048128512,919,BUY,879,SELL,1175,96.0
1329048128512,919,BUY,733,SELL,213,97.0
1329048128536,920,BUY,733,SELL,253,97.0
1329048128536,920,BUY,773,SELL,1084,97.0
1329048128802,925,BUY,923,SELL,2488,95.0
1329048128802,925,BUY,924,SELL,360,95.0
1329048128933,928,BUY,924,SELL,1670,95.0
1329048128955,929,BUY,924,SELL,375,95.0
1329048129023,930,BUY,921,SELL,2306,96.0
1329048129041,931,BUY,773,SELL,260,97.0
1329048129041,931,BUY,846,SELL,1139,97.0
1329048129116,932,SELL,930,BUY,555,96.0
1329048129117,933,SELL,929,BUY,877,95.0
1329048129117,933,SELL,902,BUY,60,94.0
1329048129117,933,SELL,895,BUY,1041,93.0
1329048129353,937,SELL,934,BUY,1385,94.0
1329048129395,938,BUY,935,SELL,1617,95.0
1329048129395,938,BUY,932,SELL,1342,96.0
1329048129532,940,SELL,939,BUY,1109,95.0
1329048129556,941,SELL,939,BUY,1128,95.0
1329048129556,941,SELL,934,BUY,464,94.0
1329048129605,943,BUY,942,SELL,1471,95.0
1329048129616,945,SELL,934,BUY,206,94.0
1329048129616,945,SELL,944,BUY,1600,94.0
1329048129813,946,SELL,944,BUY,286,94.0
1329048129893,947,SELL,895,BUY,1086,93.0
1329048129893,947,SELL,922,BUY,1272,93.0
1329048129894,948,BUY,947,SELL,245,93.0
1329048129894,948,BUY,946,SELL,1238,94.0
1329048129894,948,BUY,942,SELL,720,95.0
1329048129895,948,BUY,932,SELL,195,96.0
1329048129895,948,BUY,846,SELL,478,97.0
1329048130131,952,SELL,880,BUY,516,92.0
1329048130131,952,SELL,882,BUY,908,92.0
1329048130180,953,SELL,882,BUY,1508,92.0
1329048130180,953,SELL,917,BUY,369,92.0
1329048130578,959,BUY,954,SELL,1426,95.0
1329048130880,963,SELL,958,BUY,1898,93.0
1329048130881,963,SELL,917,BUY,355,92.0
1329048131040,965,SELL,917,BUY,1379,92.0
1329048131040,965,SELL,955,BUY,1314,92.0
1329048131120,967,SELL,966,BUY,1759,93.0
1329048131120,967,SELL,955,BUY,402,92.0
1329048131236,970,BUY,960,SELL,1292,94.0
1329048131237,971,BUY,960,SELL,765,94.0
1329048131264,972,SELL,971,BUY,1458,94.0
1329048131264,972,SELL,968,BUY,782,93.0
1329048131600,976,BUY,954,SELL,1033,95.0
1329048131600,976,BUY,950,SELL,271,96.0
1329048131700,978,BUY,950,SELL,2577,96.0
1329048131903,981,BUY,980,SELL,1288,95.0
1329048131903,981,BUY,950,SELL,50,96.0
1329048131903,981,BUY,961,SELL,1350,96.0
1329048132045,984,BUY,983,SELL,1585,95.0
1329048132179,986,BUY,961,SELL,364,96.0
1329048132179,986,BUY,977,SELL,1838,96.0
1329048132281,987,BUY,977,SELL,678,96.0
1329048132441,989,BUY,846,SELL,1234,97.0
1329048132441,989,BUY,868,SELL,200,97.0
1329048132507,990,SELL,987,BUY,645,96.0
1329048132509,991,BUY,990,SELL,1708,96.0
1329048132518,992,BUY,990,SELL,196,96.0
1329048132518,992,BUY,868,SELL,1044,97.0
1329048132518,992,BUY,949,SELL,262,97.0
1329048132542,995,BUY,949,SELL,2058,97.0
1329048132553,996,SELL,994,BUY,1370,96.0
1329048132622,997,BUY,996,SELL,18,96.0
1329048132622,997,BUY,949,SELL,610,97.0
1329048132622,997,BUY,956,SELL,937,97.0
1329048132757,999,SELL,984,BUY,763,95.0
1329048132758,999,SELL,973,BUY,634,94.0
1329048132966,1002,BUY,956,SELL,306,97.0
1329048132966,1002,BUY,969,SELL,1097,97.0
1329048133111,1005,BUY,1003,SELL,1031,96.0
1329048133136,1006,BUY,1003,SELL,1623,96.0
1329048133136,1006,BUY,969,SELL,60,97.0
1329048133355,1008,SELL,973,BUY,422,94.0
1329048133355,1008,SELL,1007,BUY,721,94.0
1329048133356,1009,BUY,969,SELL,823,97.0
1329048133356,1009,BUY,703,SELL,228,98.0
1329048133356,1009,BUY,708,SELL,512,98.0
1329048133462,1012,BUY,1010,SELL,1805,96.0
1329048133537,1014,SELL,1013,BUY,1311,95.0
1329048133590,1015,SELL,1013,BUY,1525,95.0
1329048133661,1018,SELL,1007,BUY,1082,94.0
1329048133661,1018,SELL,968,BUY,681,93.0
1329048133843,1022,SELL,968,BUY,181,93.0
1329048133918,1023,BUY,1022,SELL,1455,93.0
1329048134062,1025,BUY,1022,SELL,1300,93.0
1329048134062,1025,BUY,1019,SELL,844,94.0
1329048134194,1028,SELL,955,BUY,976,92.0
1329048134194,1028,SELL,974,BUY,1419,92.0
1329048134398,1030,BUY,1029,SELL,2232,93.0
1329048134398,1030,BUY,1019,SELL,273,94.0
1329048134398,1030,BUY,1021,SELL,435,94.0
1329048134455,1031,SELL,974,BUY,1069,92.0
1329048134455,1031,SELL,982,BUY,51,92.0
1329048134503,1032,SELL,982,BUY,1116,92.0
1329048134503,1032,SELL,1004,BUY,611,92.0
1329048134516,1033,BUY,1021,SELL,869,94.0
1329048134516,1033,BUY,1015,SELL,1213,95.0
1329048134550,1034,BUY,1015,SELL,198,95.0
1329048134550,1034,BUY,1017,SELL,1265,95.0
1329048134550,1034,BUY,1010,SELL,749,96.0
1329048134550,1034,BUY,708,SELL,398,98.0
1329048134553,1035,BUY,708,SELL,641,98.0
1329048134553,1035,BUY,738,SELL,1009,98.0
1329048134553,1035,BUY,772,SELL,1054,98.0
1329048134572,1036,BUY,772,SELL,52,98.0
1329048134572,1036,BUY,783,SELL,1935,98.0
1329048134572,1036,BUY,835,SELL,386,98.0
1329048134652,1037,BUY,835,SELL,1980,98.0
1329048134652,1037,BUY,848,SELL,129,98.0
1329048134809,1039,BUY,848,SELL,1916,98.0
1329048134809,1039,BUY,962,SELL,487,98.0
1329048134884,1042,BUY,1041,SELL,2089,97.0
1329048134884,1042,BUY,962,SELL,565,98.0
1329048135159,1045,BUY,1044,SELL,1204,97.0
1329048135159,1045,BUY,962,SELL,618,98.0
1329048135159,1045,BUY,979,SELL,1,98.0
1329048135455,1049,BUY,979,SELL,1693,98.0
1329048135455,1049,BUY,988,SELL,1093,98.0
1329048135680,1053,BUY,1051,SELL,2315,97.0
1329048135680,1053,BUY,988,SELL,211,98.0
1329048135743,1054,SELL,1047,BUY,1167,93.0
1329048136254,1063,BUY,1057,SELL,1152,95.0
1329048136259,1064,BUY,1056,SELL,1692,96.0
1329048136372,1067,SELL,1064,BUY,974,96.0
1329048136517,1069,BUY,1067,SELL,1150,96.0
1329048136588,1070,SELL,1063,BUY,1120,95.0
1329048136709,1071,BUY,1070,SELL,409,95.0
1329048136725,1073,BUY,1067,SELL,556,96.0
1329048136725,1073,BUY,1068,SELL,607,96.0
1329048136754,1074,SELL,1071,BUY,1893,95.0
1329048136754,1074,SELL,1059,BUY,786,94.0
1329048136965,1079,SELL,1059,BUY,1389,94.0
1329048136993,1080,BUY,1077,SELL,2689,95.0
1329048137007,1081,BUY,1077,SELL,8,95.0
1329048137059,1083,BUY,1068,SELL,2187,96.0
1329048137084,1084,BUY,1055,SELL,1296,97.0
1329048137102,1085,SELL,1083,BUY,176,96.0
1329048137137,1086,SELL,1081,BUY,1730,95.0
1329048137163,1088,SELL,1059,BUY,584,94.0
1329048137163,1088,SELL,1072,BUY,1539,94.0
1329048137163,1088,SELL,1076,BUY,353,94.0
1329048137297,1090,SELL,1076,BUY,951,94.0
1329048137423,1092,BUY,1090,SELL,492,94.0
1329048137423,1092,BUY,1086,SELL,490,95.0
1329048137423,1092,BUY,1087,SELL,315,95.0
1329048137459,1094,BUY,1087,SELL,1024,95.0
1329048137691,1097,SELL,1047,BUY,1385,93.0
1329048137691,1097,SELL,1062,BUY,1220,93.0
1329048137691,1097,SELL,1065,BUY,342,93.0
1329048137780,1100,BUY,1098,SELL,1226,94.0
1329048137785,1101,SELL,1065,BUY,1678,93.0
1329048137957,1103,BUY,1098,SELL,639,94.0
1329048138059,1106,SELL,1103,BUY,436,94.0
1329048138059,1106,SELL,1105,BUY,2285,94.0
1329048138223,1108,SELL,1105,BUY,133,94.0
1329048138223,1108,SELL,1065,BUY,944,93.0
1329048138223,1108,SELL,1102,BUY,151,93.0
1329048138392,1110,SELL,1109,BUY,1914,94.0
1329048138399,1112,SELL,1109,BUY,22,94.0
1329048138399,1112,SELL,1102,BUY,1725,93.0
1329048138399,1112,SELL,1004,BUY,52,92.0
1329048138671,1117,SELL,1004,BUY,810,92.0
1329048138671,1117,SELL,1016,BUY,740,92.0
1329048138853,1119,BUY,1116,SELL,1321,93.0
1329048138898,1120,SELL,1016,BUY,1198,92.0
1329048138899,1121,BUY,1116,SELL,363,93.0
1329048138926,1123,BUY,1114,SELL,1139,94.0
1329048139050,1125,SELL,1121,BUY,2115,93.0
1329048139050,1125,SELL,1016,BUY,60,92.0
1329048139140,1127,BUY,1114,SELL,212,94.0
1329048139140,1127,BUY,1122,SELL,1051,94.0
1329048139472,1130,BUY,1122,SELL,1747,94.0
1329048139472,1130,BUY,1128,SELL,197,94.0
1329048139519,1131,BUY,1128,SELL,1343,94.0
1329048139519,1131,BUY,1087,SELL,810,95.0
1329048139573,1133,BUY,1087,SELL,547,95.0
1329048139573,1133,BUY,1085,SELL,685,96.0
1329048139812,1137,BUY,1135,SELL,1947,95.0
1329048139812,1137,BUY,1085,SELL,378,96.0
1329048139882,1139,BUY,1138,SELL,2392,95.0
1329048139914,1140,BUY,1138,SELL,483,95.0
1329048139914,1140,BUY,1085,SELL,588,96.0
1329048140005,1141,BUY,1085,SELL,619,96.0
1329048140005,1141,BUY,1055,SELL,558,97.0
1329048140005,1141,BUY,988,SELL,359,98.0
1329048140005,1141,BUY,993,SELL,3,98.0
1329048140157,1143,SELL,1136,BUY,2181,94.0
1329048140157,1143,SELL,1129,BUY,688,93.0
1329048140159,1144,SELL,1129,BUY,1158,93.0
1329048140159,1144,SELL,1016,BUY,77,92.0
1329048140159,1144,SELL,1026,BUY,1133,92.0
1329048140159,1145,BUY,1142,SELL,1387,97.0
1329048140159,1145,BUY,993,SELL,198,98.0
1329048140487,1149,SELL,1026,BUY,1007,92.0
1329048140487,1149,SELL,1078,BUY,298,92.0
1329048140488,1150,BUY,1147,SELL,1108,96.0
1329048140488,1150,BUY,1146,SELL,1416,97.0
1329048140551,1151,SELL,1078,BUY,2040,92.0
1329048140551,1151,SELL,1107,BUY,72,92.0
1329048140598,1152,BUY,1146,SELL,789,97.0
1329048140598,1152,BUY,1148,SELL,2028,97.0
1329048140632,1153,SELL,1107,BUY,1751,92.0
1329048140632,1153,SELL,1111,BUY,1136,92.0
1329048140681,1154,SELL,1111,BUY,1105,92.0
1329048140803,1156,BUY,1148,SELL,534,97.0
1329048140803,1156,BUY,993,SELL,900,98.0
1329048140857,1157,SELL,1111,BUY,505,92.0
1329048140857,1157,SELL,877,BUY,1209,91.0
1329048140964,1161,SELL,1159,BUY,1273,93.0
1329048141260,1165,BUY,1164,SELL,1722,96.0
1329048141260,1165,BUY,1162,SELL,1140,97.0
1329048141308,1166,SELL,1163,BUY,1619,94.0
1329048141308,1166,SELL,1159,BUY,774,93.0
1329048141353,1168,BUY,1162,SELL,1152,97.0
1329048141353,1168,BUY,993,SELL,407,98.0
1329048141353,1168,BUY,1066,SELL,368,98.0
1329048141398,1171,SELL,1159,BUY,918,93.0
1329048141399,1171,SELL,1158,BUY,1715,92.0
1329048141519,1172,SELL,1158,BUY,381,92.0
1329048141519,1172,SELL,877,BUY,319,91.0
1329048141519,1172,SELL,957,BUY,1602,91.0
1329048141519,1172,SELL,1046,BUY,295,91.0
1329048141552,1173,SELL,1046,BUY,1101,91.0
1329048141552,1173,SELL,1089,BUY,30,91.0
1329048141611,1174,BUY,1170,SELL,1131,95.0
1329048141625,1175,SELL,1089,BUY,1939,91.0
1329048141625,1175,SELL,861,BUY,32,90.0
1329048141671,1176,SELL,861,BUY,1594,90.0
1329048141671,1176,SELL,862,BUY,813,90.0
1329048141756,1177,BUY,1170,SELL,1308,95.0
1329048141939,1179,BUY,1170,SELL,393,95.0
1329048141939,1179,BUY,1169,SELL,1370,96.0
1329048142004,1182,SELL,1181,BUY,1630,91.0
1329048142004,1182,SELL,862,BUY,598,90.0
1329048142201,1185,SELL,862,BUY,1356,90.0
1329048142201,1185,SELL,901,BUY,987,90.0
1329048142338,1188,SELL,1186,BUY,1602,91.0
1329048142338,1188,SELL,901,BUY,28,90.0
1329048142338,1188,SELL,1027,BUY,351,90.0
1329048142633,1193,BUY,1191,SELL,1705,94.0
1329048142633,1193,BUY,1184,SELL,568,95.0
1329048142649,1194,BUY,1184,SELL,1931,95.0
1329048142649,1194,BUY,1169,SELL,103,96.0
1329048142649,1194,BUY,1066,SELL,805,98.0
1329048142686,1196,SELL,1195,BUY,1397,91.0
1329048142686,1196,SELL,1027,BUY,992,90.0
1329048142822,1199,BUY,1197,SELL,2472,97.0
1329048143092,1202,SELL,1027,BUY,911,90.0
1329048143092,1202,SELL,1060,BUY,1322,90.0
1329048143108,1203,BUY,1201,SELL,1530,96.0
1329048143109,1203,BUY,1197,SELL,40,97.0
1329048143109,1203,BUY,1066,SELL,581,98.0
1329048143122,1204,SELL,1060,BUY,1263,90.0
1329048143122,1204,SELL,1093,BUY,26,90.0
1329048143126,1205,SELL,1093,BUY,1039,90.0
1329048143248,1208,SELL,1207,BUY,1673,91.0
1329048143437,1211,SELL,1207,BUY,75,91.0
1329048143438,1211,SELL,1093,BUY,513,90.0
1329048143438,1211,SELL,1113,BUY,1066,90.0
1329048143438,1211,SELL,1126,BUY,804,90.0
1329048143958,1220,BUY,1212,SELL,1862,95.0
1329048144185,1225,SELL,1224,BUY,2077,94.0
1329048144271,1226,BUY,1212,SELL,349,95.0
1329048144271,1226,BUY,1210,SELL,1149,96.0
1329048144271,1226,BUY,1209,SELL,461,97.0
1329048144408,1230,BUY,1209,SELL,1724,97.0
1329048144408,1230,BUY,1066,SELL,768,98.0
1329048144408,1230,BUY,1160,SELL,197,98.0
1329048144624,1234,BUY,1233,SELL,1004,97.0
1329048144655,1235,SELL,1232,BUY,1172,96.0
1329048144758,1236,BUY,1235,SELL,157,96.0
1329048144818,1238,BUY,1233,SELL,830,97.0
1329048144818,1238,BUY,1237,SELL,288,97.0
1329048144847,1239,SELL,1236,BUY,1605,96.0
1329048144874,1240,BUY,1239,SELL,494,96.0
1329048144874,1240,BUY,1237,SELL,886,97.0
1329048145025,1241,BUY,1237,SELL,279,97.0
1329048145025,1241,BUY,1160,SELL,977,98.0
1329048145081,1243,BUY,1160,SELL,1159,98.0
1329048145134,1244,BUY,1160,SELL,234,98.0
1329048145134,1244,BUY,1167,SELL,1392,98.0
1329048145134,1244,BUY,1180,SELL,1264,98.0
1329048145265,1248,SELL,1242,BUY,1386,96.0
1329048145265,1248,SELL,1246,BUY,1094,96.0
1329048145410,1249,BUY,1248,SELL,397,96.0
1329048145515,1251,BUY,1245,SELL,1250,97.0
1329048145588,1253,BUY,1180,SELL,859,98.0
1329048145588,1253,BUY,1187,SELL,1060,98.0
1329048145832,1255,BUY,1187,SELL,1363,98.0
1329048145832,1255,BUY,1221,SELL,280,98.0
1329048145924,1256,BUY,1221,SELL,933,98.0
1329048145924,1256,BUY,699,SELL,583,99.0
1329048145961,1258,BUY,699,SELL,1301,99.0
1329048145977,1259,BUY,699,SELL,543,99.0
1329048145977,1259,BUY,716,SELL,1071,99.0
1329048145988,1260,BUY,716,SELL,252,99.0
1329048145988,1260,BUY,796,SELL,1053,99.0
1329048145988,1260,BUY,1043,SELL,324,99.0
1329048146013,1261,SELL,1257,BUY,1440,98.0
1329048146125,1262,SELL,1251,BUY,343,97.0
1329048146246,1263,SELL,1249,BUY,1211,96.0
1329048146352,1265,BUY,1263,SELL,742,96.0
1329048146352,1265,BUY,1262,SELL,718,97.0
1329048146352,1265,BUY,1264,SELL,529,97.0
1329048146409,1266,SELL,1228,BUY,1144,95.0
1329048146438,1268,SELL,1228,BUY,1839,95.0
1329048146438,1268,SELL,1224,BUY,271,94.0
1329048146438,1268,SELL,1219,BUY,701,93.0
1329048146624,1270,BUY,1264,SELL,1991,97.0
1329048146986,1276,BUY,1273,SELL,2540,96.0
1329048147000,1277,BUY,1264,SELL,302,97.0
1329048147003,1278,SELL,1277,BUY,1608,97.0
1329048147062,1279,BUY,1261,SELL,286,98.0
1329048147230,1281,SELL,1279,BUY,1889,98.0
1329048147312,1283,SELL,1277,BUY,283,97.0
1329048147312,1283,SELL,1276,BUY,424,96.0
1329048147312,1283,SELL,1272,BUY,727,95.0
1329048147315,1284,BUY,1281,SELL,289,98.0
1329048147348,1285,BUY,1043,SELL,773,99.0
1329048147348,1285,BUY,1058,SELL,1016,99.0
1329048147381,1286,SELL,1284,BUY,2607,98.0
1329048147382,1287,BUY,1286,SELL,208,98.0
1329048147382,1287,BUY,1058,SELL,415,99.0
1329048147382,1287,BUY,1190,SELL,1514,99.0
1329048147640,1289,BUY,1190,SELL,49,99.0
1329048147640,1289,BUY,147,SELL,1336,100.0
1329048147688,1291,BUY,147,SELL,705,100.0
1329048147688,1291,BUY,205,SELL,304,100.0
1329048147838,1294,SELL,1292,BUY,1135,97.0
1329048147838,1294,SELL,1290,BUY,108,96.0
1329048147940,1295,SELL,1290,BUY,2571,96.0
1329048147940,1295,SELL,1272,BUY,305,95.0
1329048148093,1298,SELL,1297,BUY,1977,97.0
1329048148093,1298,SELL,1296,BUY,587,96.0
1329048148175,1300,SELL,1296,BUY,1365,96.0
1329048148324,1302,BUY,1301,SELL,1376,98.0
1329048148369,1304,SELL,1296,BUY,277,96.0
1329048148369,1304,SELL,1272,BUY,1080,95.0
1329048148473,1306,BUY,1303,SELL,1978,97.0
1329048148547,1307,SELL,1272,BUY,459,95.0
1329048148547,1307,SELL,1269,BUY,615,94.0
1329048148721,1311,BUY,1309,SELL,1878,95.0
1329048148721,1311,BUY,1308,SELL,315,96.0
1329048148805,1312,SELL,1269,BUY,644,94.0
1329048148805,1312,SELL,1219,BUY,1315,93.0
1329048148805,1312,SELL,1227,BUY,752,93.0
1329048149084,1316,SELL,1227,BUY,978,93.0
1329048149084,1316,SELL,1215,BUY,603,92.0
1329048149368,1323,SELL,1321,BUY,1509,94.0
1329048149425,1325,SELL,1321,BUY,907,94.0
1329048149467,1326,SELL,1317,BUY,1028,93.0
1329048149614,1327,BUY,1326,SELL,923,93.0
1329048149615,1328,SELL,1327,BUY,1068,93.0
1329048149706,1329,BUY,1325,SELL,863,94.0
1329048149706,1329,BUY,1320,SELL,1504,95.0
1329048150156,1335,BUY,1320,SELL,680,95.0
1329048150156,1335,BUY,1308,SELL,1833,96.0
1329048150195,1337,BUY,1336,SELL,2046,95.0
1329048150195,1337,BUY,1308,SELL,473,96.0
1329048150279,1339,SELL,1327,BUY,875,93.0
1329048150279,1339,SELL,1215,BUY,934,92.0
1329048150279,1339,SELL,1216,BUY,1160,92.0
1329048150628,1342,BUY,1308,SELL,367,96.0
1329048150628,1342,BUY,1303,SELL,523,97.0
1329048150628,1342,BUY,1333,SELL,826,97.0
1329048150967,1347,SELL,1343,BUY,1987,94.0
1329048150986,1349,SELL,1343,BUY,118,94.0
1329048150986,1349,SELL,1341,BUY,1574,93.0
1329048150986,1349,SELL,1345,BUY,633,93.0
1329048151085,1351,SELL,1345,BUY,449,93.0
1329048151085,1351,SELL,1216,BUY,1246,92.0
1329048151085,1351,SELL,1217,BUY,1298,92.0
1329048151100,1353,BUY,1350,SELL,2010,95.0
1329048151212,1355,BUY,1350,SELL,621,95.0
1329048151212,1355,BUY,1344,SELL,748,96.0
1329048151315,1357,SELL,1217,BUY,1339,92.0
1329048151417,1359,BUY,1356,SELL,2113,95.0
1329048151457,1361,BUY,1356,SELL,876,95.0
1329048151457,1361,BUY,1344,SELL,961,96.0
1329048151457,1361,BUY,1333,SELL,951,97.0
1329048151515,1363,SELL,1358,BUY,1770,93.0
1329048151515,1363,SELL,1217,BUY,98,92.0
1329048151515,1363,SELL,1218,BUY,171,92.0
1329048151671,1365,BUY,1333,SELL,41,97.0
1329048151671,1365,BUY,1360,SELL,1716,97.0
1329048151820,1368,SELL,1367,BUY,1586,95.0
1329048151820,1368,SELL,1366,BUY,1102,94.0
1329048151820,1368,SELL,1364,BUY,288,93.0
1329048151890,1369,SELL,1364,BUY,1306,93.0
1329048152090,1370,SELL,1364,BUY,738,93.0
1329048152090,1370,SELL,1218,BUY,1223,92.0
1329048152160,1373,SELL,1218,BUY,974,92.0
1329048152160,1373,SELL,1223,BUY,1736,92.0
1329048152587,1379,BUY,1377,SELL,1315,95.0
1329048152599,1380,SELL,1223,BUY,191,92.0
1329048152599,1380,SELL,1275,BUY,1957,92.0
1329048152780,1382,BUY,1377,SELL,129,95.0
1329048152780,1382,BUY,1378,SELL,1914,95.0
1329048153119,1389,SELL,1386,BUY,1000,93.0
1329048153119,1389,SELL,1387,BUY,1141,93.0
1329048153204,1390,BUY,1388,SELL,2216,94.0
1329048153298,1393,BUY,1378,SELL,461,95.0
1329048153298,1393,BUY,1392,SELL,1542,95.0
1329048153298,1393,BUY,1371,SELL,942,96.0
1329048153387,1396,BUY,1394,SELL,1782,95.0
1329048153387,1396,BUY,1395,SELL,854,95.0
1329048153452,1397,SELL,1390,BUY,111,94.0
1329048153561,1399,BUY,1397,SELL,1841,94.0
1329048153681,1400,BUY,1397,SELL,603,94.0
1329048153681,1400,BUY,1395,SELL,1265,95.0
1329048154172,1409,BUY,1395,SELL,55,95.0
1329048154172,1409,BUY,1401,SELL,2371,95.0
1329048154172,1409,BUY,1371,SELL,355,96.0
1329048154251,1411,BUY,1371,SELL,614,96.0
1329048154251,1411,BUY,1391,SELL,1149,96.0
1329048154291,1412,SELL,1410,BUY,1563,95.0
1329048154340,1414,BUY,1412,SELL,872,95.0
1329048154340,1414,BUY,1391,SELL,894,96.0
1329048154541,1416,SELL,1415,BUY,1469,95.0
1329048154590,1417,SELL,1415,BUY,1209,95.0
1329048154623,1418,SELL,1404,BUY,1073,94.0
1329048154687,1419,BUY,1418,SELL,253,94.0
1329048154687,1419,BUY,1417,SELL,141,95.0
1329048154687,1419,BUY,1391,SELL,216,96.0
1329048154687,1419,BUY,1406,SELL,603,96.0
1329048154821,1421,SELL,1420,BUY,2778,94.0
1329048154821,1421,SELL,1387,BUY,22,93.0
1329048154858,1422,SELL,1387,BUY,1564,93.0
1329048155156,1425,BUY,1406,SELL,726,96.0
1329048155157,1425,BUY,1360,SELL,160,97.0
1329048155157,1425,BUY,1301,SELL,265,98.0
1329048155157,1425,BUY,1338,SELL,945,98.0
1329048155240,1427,SELL,1387,BUY,124,93.0
1329048155240,1427,SELL,1407,BUY,930,93.0
1329048155365,1429,SELL,1407,BUY,319,93.0
1329048155366,1429,SELL,1275,BUY,264,92.0
1329048155366,1429,SELL,1213,BUY,1010,91.0
1329048155366,1429,SELL,1254,BUY,168,91.0
1329048155698,1436,BUY,1434,SELL,2154,96.0
1329048156023,1440,BUY,1434,SELL,617,96.0
1329048156023,1440,BUY,1438,SELL,903,96.0
1329048156132,1441,SELL,1431,BUY,1763,92.0
1329048156132,1441,SELL,1254,BUY,352,91.0
1329048156140,1442,SELL,1254,BUY,1204,91.0
1329048156197,1443,BUY,1438,SELL,1813,96.0
1329048156197,1443,BUY,1439,SELL,181,96.0
1329048156201,1444,BUY,1439,SELL,910,96.0
1329048156201,1444,BUY,1433,SELL,1081,97.0
1329048156201,1444,BUY,1437,SELL,40,97.0
1329048156232,1445,SELL,1254,BUY,556,91.0
1329048156232,1445,SELL,1282,BUY,983,91.0
1329048156232,1446,SELL,1282,BUY,1819,91.0
1329048156232,1446,SELL,1314,BUY,887,91.0
1329048156316,1447,BUY,1437,SELL,1474,97.0
1329048156316,1447,BUY,1338,SELL,783,98.0
1329048156316,1447,BUY,1354,SELL,488,98.0
1329048156569,1451,BUY,1448,SELL,1618,97.0
1329048156615,1453,BUY,1448,SELL,430,97.0
1329048156615,1453,BUY,1354,SELL,998,98.0
1329048156789,1455,SELL,1450,BUY,2178,92.0
1329048156789,1455,SELL,1314,BUY,217,91.0
1329048156789,1455,SELL,1315,BUY,105,91.0
1329048156820,1456,BUY,1454,SELL,1793,97.0
1329048156825,1457,BUY,1454,SELL,1138,97.0
1329048156825,1457,BUY,1354,SELL,609,98.0
1329048156903,1459,SELL,1315,BUY,1515,91.0
1329048157041,1460,BUY,1458,SELL,1533,97.0
1329048157133,1463,SELL,1462,BUY,1114,92.0
1329048157133,1463,SELL,1315,BUY,136,91.0
1329048157133,1463,SELL,1362,BUY,1444,91.0
1329048157496,1468,BUY,1461,SELL,1942,96.0
1329048157496,1468,BUY,1458,SELL,294,97.0
1329048157496,1468,BUY,1354,SELL,225,98.0
1329048157496,1468,BUY,1402,SELL,518,98.0
1329048157621,1470,SELL,1465,BUY,1765,93.0
1329048157621,1470,SELL,1464,BUY,1151,92.0
1329048158050,1479,BUY,1402,SELL,1034,98.0
1329048158202,1480,SELL,1477,BUY,1628,94.0
1329048158202,1480,SELL,1471,BUY,235,93.0
1329048158222,1482,SELL,1471,BUY,2097,93.0
1329048158258,1483,BUY,1402,SELL,560,98.0
1329048158258,1483,BUY,1476,SELL,1328,98.0
1329048158276,1485,SELL,1484,BUY,1299,94.0
1329048158382,1487,SELL,1486,BUY,1947,95.0
1329048158581,1489,SELL,1488,BUY,2183,96.0
1329048158591,1490,BUY,1476,SELL,614,98.0
1329048158591,1490,BUY,1299,SELL,1383,99.0
1329048158737,1492,SELL,1488,BUY,687,96.0
1329048158737,1492,SELL,1486,BUY,43,95.0
1329048158737,1492,SELL,1484,BUY,1400,94.0
1329048158737,1492,SELL,1471,BUY,239,93.0
1329048158737,1492,SELL,1474,BUY,133,93.0
1329048159103,1497,BUY,1495,SELL,1401,98.0
1329048159103,1497,BUY,1299,SELL,1251,99.0
1329048159103,1497,BUY,1313,SELL,207,99.0
1329048159173,1499,SELL,1498,BUY,2246,95.0
1329048159179,1500,BUY,1313,SELL,1552,99.0
1329048159179,1500,BUY,1322,SELL,789,99.0
1329048159354,1502,SELL,1498,BUY,325,95.0
1329048159354,1502,SELL,1494,BUY,1408,94.0
1329048159354,1502,SELL,1474,BUY,729,93.0
1329048159536,1505,BUY,1504,SELL,1806,98.0
1329048159536,1505,BUY,1322,SELL,107,99.0
1329048159705,1510,BUY,1509,SELL,1189,98.0
1329048159705,1510,BUY,1322,SELL,632,99.0
1329048159705,1510,BUY,1473,SELL,466,99.0
1329048159859,1512,SELL,1508,BUY,1593,94.0
1329048159859,1512,SELL,1474,BUY,201,93.0
1329048159923,1513,BUY,1473,SELL,1165,99.0
1329048159936,1514,BUY,1473,SELL,1281,99.0
1329048159936,1514,BUY,1506,SELL,19,99.0
1329048160002,1515,BUY,1506,SELL,1139,99.0
1329048160002,1515,BUY,205,SELL,1481,100.0
1329048160002,1515,BUY,250,SELL,116,100.0
1329048160006,1516,BUY,250,SELL,1647,100.0
1329048160007,1516,BUY,341,SELL,89,100.0
1329048160052,1518,BUY,341,SELL,1578,100.0
1329048160052,1518,BUY,498,SELL,478,100.0
1329048160364,1524,BUY,1519,SELL,1978,99.0
1329048160364,1524,BUY,498,SELL,557,100.0
1329048160364,1524,BUY,728,SELL,86,100.0
1329048160444,1525,SELL,1523,BUY,2731,95.0
1329048160571,1528,SELL,1523,BUY,132,95.0
1329048160571,1528,SELL,1520,BUY,1735,94.0
1329048160825,1531,SELL,1520,BUY,42,94.0
1329048160825,1531,SELL,1474,BUY,1378,93.0
1329048160825,1531,SELL,1464,BUY,130,92.0
1329048161325,1542,BUY,1534,SELL,1426,96.0
1329048161348,1543,BUY,1534,SELL,63,96.0
1329048161434,1544,BUY,1530,SELL,1437,97.0
1329048161434,1544,BUY,1529,SELL,37,98.0
1329048161542,1546,SELL,1543,BUY,2521,96.0
1329048161542,1546,SELL,1538,BUY,429,95.0
1329048161655,1547,BUY,1545,SELL,1101,97.0
1329048161745,1550,BUY,1545,SELL,1032,97.0
1329048161745,1550,BUY,1529,SELL,1544,98.0
1329048161768,1551,BUY,1529,SELL,406,98.0
1329048161768,1551,BUY,1527,SELL,1531,99.0
1329048161768,1551,BUY,728,SELL,1020,100.0
1329048161768,1551,BUY,736,SELL,21,100.0
1329048161913,1554,SELL,1553,BUY,1550,97.0
1329048161913,1554,SELL,1552,BUY,636,96.0
1329048162211,1559,SELL,1558,BUY,2264,98.0
1329048162314,1561,SELL,1558,BUY,222,98.0
1329048162314,1561,SELL,1556,BUY,2491,97.0
1329048162401,1563,BUY,1560,SELL,1616,99.0
1329048162401,1563,BUY,736,SELL,1241,100.0
1329048162406,1564,SELL,1562,BUY,2166,98.0
1329048162406,1564,SELL,1556,BUY,44,97.0
1329048162406,1564,SELL,1552,BUY,754,96.0
1329048162465,1566,BUY,1565,SELL,1827,99.0
1329048162465,1566,BUY,736,SELL,95,100.0
1329048162465,1566,BUY,998,SELL,470,100.0
1329048162866,1570,SELL,1569,BUY,2592,97.0
1329048162866,1570,SELL,1552,BUY,26,96.0
1329048162969,1572,SELL,1571,BUY,1292,98.0
1329048163004,1573,SELL,1571,BUY,989,98.0
1329048163005,1573,SELL,1552,BUY,1413,96.0
1329048163005,1573,SELL,1557,BUY,391,96.0
1329048163005,1574,BUY,998,SELL,1221,100.0
1329048163065,1575,BUY,998,SELL,482,100.0
1329048163065,1575,BUY,1000,SELL,1689,100.0
1329048163088,1576,SELL,1557,BUY,934,96.0
1329048163088,1576,SELL,1538,BUY,968,95.0
1329048163222,1580,BUY,1000,SELL,347,100.0
1329048163222,1580,BUY,1252,SELL,1089,100.0
1329048163223,1580,BUY,1271,SELL,1082,100.0
1329048163300,1583,SELL,1538,BUY,1090,95.0
1329048163300,1583,SELL,1537,BUY,660,94.0
1329048163402,1584,SELL,1537,BUY,804,94.0
1329048163402,1584,SELL,1535,BUY,1024,93.0
1329048163448,1585,SELL,1535,BUY,655,93.0
1329048163448,1585,SELL,1568,BUY,1993,93.0
1329048163487,1586,BUY,1582,SELL,1307,98.0
1329048163544,1588,BUY,1582,SELL,1146,98.0
1329048163544,1588,BUY,1581,SELL,1317,99.0
1329048163544,1588,BUY,1271,SELL,424,100.0
1329048163863,1594,SELL,1591,BUY,2048,94.0
1329048163863,1594,SELL,1568,BUY,233,93.0
1329048163882,1596,BUY,1592,SELL,1902,99.0
1329048163936,1597,BUY,1592,SELL,578,99.0
1329048163936,1597,BUY,1271,SELL,972,100.0
1329048163936,1597,BUY,1334,SELL,1115,100.0
1329048163986,1599,BUY,1598,SELL,2189,98.0
1329048163986,1599,BUY,1334,SELL,775,100.0
1329048164054,1601,SELL,1568,BUY,478,93.0
1329048164054,1601,SELL,1464,BUY,996,92.0
1329048164054,1601,SELL,1472,BUY,1028,92.0
1329048164150,1602,SELL,1472,BUY,563,92.0
1329048164150,1602,SELL,1511,BUY,950,92.0
1329048164169,1604,SELL,1511,BUY,2044,92.0
1329048164169,1604,SELL,1362,BUY,817,91.0
1329048164210,1605,BUY,1334,SELL,943,100.0
1329048164210,1605,BUY,1348,SELL,1358,100.0
1329048164210,1605,BUY,1430,SELL,665,100.0
1329048164309,1606,SELL,1362,BUY,672,91.0
1329048164309,1606,SELL,1467,BUY,811,91.0
1329048164343,1607,BUY,1430,SELL,1124,100.0
1329048164834,1618,SELL,1617,BUY,1583,94.0
1329048164834,1618,SELL,1614,BUY,484,93.0
1329048165074,1619,BUY,1613,SELL,1123,97.0
1329048165183,1621,BUY,1613,SELL,1371,97.0
1329048165194,1622,SELL,1614,BUY,1031,93.0
1329048165227,1623,SELL,1614,BUY,1482,93.0
1329048165227,1623,SELL,1608,BUY,498,92.0
1329048165297,1625,BUY,1613,SELL,282,97.0
1329048165297,1625,BUY,1611,SELL,1746,98.0
1329048165297,1625,BUY,1610,SELL,56,99.0
1329048165316,1626,BUY,1610,SELL,1138,99.0
1329048165316,1626,BUY,1430,SELL,213,100.0
1329048165348,1627,BUY,1430,SELL,18,100.0
1329048165348,1627,BUY,1540,SELL,1503,100.0
1329048165348,1627,BUY,1541,SELL,395,100.0
1329048165490,1628,SELL,1608,BUY,1387,92.0
1329048165490,1628,SELL,1616,BUY,14,92.0
1329048165739,1632,BUY,1541,SELL,1511,100.0
1329048165739,1632,BUY,1630,SELL,1355,100.0
1329048165739,1632,BUY,92,SELL,6,101.0
1329048166281,1640,BUY,1638,SELL,1702,100.0
1329048166281,1640,BUY,92,SELL,986,101.0
1329048166417,1645,BUY,92,SELL,1039,101.0
1329048166417,1645,BUY,148,SELL,1344,101.0
1329048166455,1646,BUY,148,SELL,617,101.0
1329048166455,1646,BUY,153,SELL,1051,101.0
1329048166659,1650,SELL,1647,BUY,2837,96.0
1329048166747,1652,SELL,1647,BUY,84,96.0
1329048166747,1652,SELL,1648,BUY,1543,96.0
1329048166747,1652,SELL,1642,BUY,1320,95.0
1329048167075,1656,SELL,1654,BUY,1564,97.0
1329048167094,1657,BUY,153,SELL,1444,101.0
1329048167094,1657,BUY,158,SELL,370,101.0
1329048167374,1662,BUY,158,SELL,1203,101.0
1329048167374,1662,BUY,175,SELL,1209,101.0
1329048167402,1664,BUY,175,SELL,123,101.0
1329048167402,1664,BUY,176,SELL,1598,101.0
1329048167552,1666,BUY,1665,SELL,1394,100.0
1329048167552,1666,BUY,176,SELL,927,101.0
1329048167552,1666,BUY,237,SELL,179,101.0
1329048167697,1670,SELL,1659,BUY,2320,98.0
1329048167697,1670,SELL,1654,BUY,4,97.0
1329048167697,1670,SELL,1653,BUY,187,96.0
1329048167856,1672,BUY,1669,SELL,1039,99.0
1329048168103,1677,BUY,1673,SELL,2107,98.0
1329048168194,1678,BUY,1669,SELL,703,99.0
1329048168194,1678,BUY,1668,SELL,1634,100.0
1329048168253,1679,BUY,1668,SELL,975,100.0
1329048168253,1679,BUY,237,SELL,1066,101.0
1329048168524,1682,SELL,1680,BUY,1404,99.0
1329048168524,1682,SELL,1677,BUY,166,98.0
1329048168524,1682,SELL,1675,BUY,1369,97.0
1329048168565,1684,SELL,1675,BUY,1249,97.0
1329048168565,1684,SELL,1653,BUY,1021,96.0
1329048168598,1686,SELL,1653,BUY,1266,96.0
1329048168598,1686,SELL,1658,BUY,1188,96.0
1329048169071,1692,BUY,1688,SELL,1796,100.0
1329048169071,1692,BUY,237,SELL,316,101.0
1329048169262,1695,SELL,1689,BUY,2084,97.0
1329048169262,1695,SELL,1658,BUY,158,96.0
1329048169339,1697,SELL,1658,BUY,906,96.0
1329048169339,1697,SELL,1696,BUY,1689,96.0
1329048169467,1699,BUY,1694,SELL,1276,100.0
1329048169467,1699,BUY,237,SELL,616,101.0
1329048169528,1701,BUY,237,SELL,579,101.0
1329048169528,1701,BUY,316,SELL,1010,101.0
1329048169614,1704,SELL,1696,BUY,926,96.0
1329048169614,1704,SELL,1642,BUY,268,95.0
1329048169614,1704,SELL,1693,BUY,824,95.0
1329048169689,1706,SELL,1693,BUY,598,95.0
1329048169689,1706,SELL,1641,BUY,1923,94.0
1329048169929,1711,BUY,1705,SELL,1562,100.0
1329048169929,1711,BUY,316,SELL,890,101.0
1329048169929,1711,BUY,372,SELL,117,101.0
1329048169997,1715,SELL,1710,BUY,2602,98.0
1329048170261,1721,SELL,1716,BUY,1160,99.0
1329048170261,1721,SELL,1710,BUY,142,98.0
1329048170332,1724,SELL,1722,BUY,1309,99.0
1329048170332,1724,SELL,1710,BUY,226,98.0
1329048170332,1724,SELL,1709,BUY,703,97.0
1329048170601,1728,SELL,1709,BUY,730,97.0
1329048170601,1728,SELL,1707,BUY,553,96.0
1329048170654,1729,SELL,1707,BUY,673,96.0
1329048170654,1729,SELL,1720,BUY,1278,96.0
1329048170673,1731,SELL,1720,BUY,402,96.0
1329048170673,1731,SELL,1719,BUY,991,95.0
1329048170753,1732,BUY,1725,SELL,2238,99.0
1329048170753,1732,BUY,1718,SELL,364,100.0
1329048170783,1733,SELL,1719,BUY,747,95.0
1329048170783,1733,SELL,1730,BUY,1521,95.0
1329048171441,1746,BUY,1744,SELL,1305,97.0
1329048171474,1748,BUY,1744,SELL,596,97.0
1329048171474,1748,BUY,1747,SELL,830,97.0
1329048171572,1750,SELL,1743,BUY,1782,96.0
1329048171716,1752,SELL,1743,BUY,649,96.0
1329048171716,1752,SELL,1730,BUY,928,95.0
1329048171716,1752,SELL,1735,BUY,711,95.0
1329048171835,1754,BUY,1747,SELL,1473,97.0
1329048171835,1754,BUY,1739,SELL,886,98.0
1329048171941,1755,BUY,1739,SELL,1370,98.0
1329048171941,1755,BUY,1736,SELL,1019,99.0
1329048172040,1758,SELL,1756,BUY,1320,96.0
1329048172307,1762,BUY,1761,SELL,1414,97.0
1329048172320,1764,SELL,1762,BUY,774,97.0
1329048172320,1764,SELL,1756,BUY,329,96.0
1329048172320,1764,SELL,1735,BUY,443,95.0
1329048172415,1767,SELL,1735,BUY,561,95.0
1329048172415,1767,SELL,1641,BUY,777,94.0
1329048172415,1767,SELL,1651,BUY,215,94.0
1329048172682,1770,SELL,1768,BUY,1378,95.0
1329048172682,1770,SELL,1651,BUY,883,94.0
1329048172682,1770,SELL,1749,BUY,526,94.0
1329048172684,1771,BUY,1766,SELL,1317,97.0
1329048172773,1773,BUY,1766,SELL,1564,97.0
1329048172773,1773,BUY,1769,SELL,1402,97.0
1329048172793,1774,SELL,1749,BUY,1683,94.0
1329048172793,1774,SELL,1751,BUY,491,94.0
1329048173101,1776,BUY,1769,SELL,1422,97.0
1329048173101,1776,BUY,1759,SELL,56,98.0
1329048173219,1780,SELL,1778,BUY,1587,96.0
1329048173389,1783,BUY,1780,SELL,1325,96.0
1329048173389,1783,BUY,1781,SELL,626,96.0
1329048173421,1784,BUY,1781,SELL,1084,96.0
1329048173454,1785,SELL,1777,BUY,2230,95.0
1329048173480,1786,SELL,1751,BUY,1489,94.0
1329048173547,1787,SELL,1751,BUY,904,94.0
1329048173579,1788,BUY,1787,SELL,150,94.0
1329048173579,1788,BUY,1785,SELL,241,95.0
1329048173580,1788,BUY,1781,SELL,931,96.0
1329048173660,1790,SELL,1634,BUY,1099,93.0
1329048174215,1799,BUY,1792,SELL,1210,94.0
1329048174237,1800,BUY,1792,SELL,1153,94.0
1329048174237,1800,BUY,1789,SELL,1571,95.0
1329048174425,1803,SELL,1634,BUY,985,93.0
1329048174425,1803,SELL,1667,BUY,1612,93.0
1329048174453,1804,BUY,1789,SELL,540,95.0
1329048174453,1804,BUY,1797,SELL,790,95.0
1329048174675,1807,SELL,1806,BUY,1829,94.0
1329048174676,1808,SELL,1667,BUY,278,93.0
1329048174676,1808,SELL,1712,BUY,1258,93.0
1329048174676,1808,SELL,1793,BUY,1404,93.0
1329048174846,1810,BUY,1807,SELL,1086,94.0
1329048174846,1810,BUY,1809,SELL,1062,94.0
1329048174862,1811,SELL,1793,BUY,619,93.0
1329048174862,1811,SELL,1801,BUY,1402,93.0
1329048174862,1811,SELL,1805,BUY,418,93.0
1329048174976,1812,SELL,1805,BUY,631,93.0
1329048175001,1813,SELL,1616,BUY,2162,92.0
1329048175001,1813,SELL,1674,BUY,770,92.0
1329048175084,1814,SELL,1674,BUY,998,92.0
1329048175084,1814,SELL,1690,BUY,1091,92.0
1329048175084,1814,SELL,1467,BUY,606,91.0
1329048175348,1817,BUY,1812,SELL,1478,93.0
1329048175348,1817,BUY,1809,SELL,244,94.0
1329048175654,1822,SELL,1821,BUY,1073,93.0
1329048175654,1822,SELL,1818,BUY,352,92.0
1329048175654,1823,BUY,1809,SELL,555,94.0
1329048175654,1823,BUY,1820,SELL,1575,94.0
1329048175654,1823,BUY,1797,SELL,557,95.0
1329048175814,1824,SELL,1818,BUY,1078,92.0
1329048175988,1825,SELL,1818,BUY,523,92.0
1329048175988,1825,SELL,1819,BUY,1205,92.0
1329048175988,1825,SELL,1467,BUY,789,91.0
1329048176058,1826,BUY,1797,SELL,792,95.0
1329048176058,1826,BUY,1781,SELL,32,96.0
1329048176058,1826,BUY,1798,SELL,1499,96.0
1329048176100,1828,BUY,1798,SELL,1046,96.0
1329048176100,1828,BUY,1779,SELL,687,97.0
1329048176110,1829,BUY,1779,SELL,600,97.0
1329048176110,1829,BUY,1815,SELL,2053,97.0
1329048176122,1830,SELL,1467,BUY,51,91.0
1329048176122,1830,SELL,1478,BUY,1511,91.0
1329048176469,1837,BUY,1836,SELL,2104,95.0
1329048176469,1837,BUY,1835,SELL,724,96.0
1329048176700,1841,BUY,1840,SELL,1013,94.0
1329048176920,1844,BUY,1840,SELL,718,94.0
1329048176920,1844,BUY,1839,SELL,616,95.0
1329048176964,1846,BUY,1839,SELL,494,95.0
1329048176964,1846,BUY,1835,SELL,835,96.0
1329048177075,1847,BUY,1835,SELL,529,96.0
1329048177075,1847,BUY,1815,SELL,703,97.0
1329048177075,1847,BUY,1759,SELL,1536,98.0
1329048177075,1847,BUY,1736,SELL,84,99.0
1329048177206,1848,SELL,1845,BUY,1193,94.0
1329048177206,1848,SELL,1842,BUY,1705,93.0
1329048177497,1853,BUY,1849,SELL,1795,98.0
1329048177497,1853,BUY,1736,SELL,902,99.0
1329048177497,1853,BUY,1772,SELL,177,99.0
1329048177520,1854,SELL,1842,BUY,761,93.0
1329048177520,1854,SELL,1834,BUY,1598,92.0
1329048177521,1855,SELL,1834,BUY,25,92.0
1329048177521,1855,SELL,1478,BUY,1048,91.0
1329048177521,1855,SELL,1491,BUY,1148,91.0
1329048177651,1858,BUY,1857,SELL,1088,98.0
1329048177651,1858,BUY,1772,SELL,372,99.0
1329048177720,1860,SELL,1491,BUY,652,91.0
1329048177720,1860,SELL,1548,BUY,2179,91.0
1329048177897,1863,BUY,1862,SELL,1308,97.0
1329048177897,1863,BUY,1861,SELL,1553,98.0
1329048177987,1866,BUY,1864,SELL,1333,97.0
1329048178022,1867,SELL,1548,BUY,537,91.0
1329048178022,1867,SELL,1549,BUY,2144,91.0
1329048178022,1867,SELL,1595,BUY,205,91.0
1329048178153,1873,SELL,1872,BUY,1670,93.0
1329048178235,1877,SELL,1872,BUY,1247,93.0
1329048178235,1877,SELL,1870,BUY,1399,92.0
1329048178235,1877,SELL,1595,BUY,352,91.0
1329048178570,1881,BUY,1876,SELL,1714,95.0
1329048178623,1882,SELL,1878,BUY,1524,92.0
1329048178825,1884,SELL,1878,BUY,868,92.0
1329048178825,1884,SELL,1595,BUY,771,91.0
1329048179102,1890,BUY,1887,SELL,1110,92.0
1329048179135,1891,SELL,1890,BUY,102,92.0
1329048179135,1891,SELL,1595,BUY,1080,91.0
1329048179135,1891,SELL,1624,BUY,1395,91.0
1329048179459,1897,BUY,1892,SELL,2765,92.0
1329048179459,1897,BUY,1896,SELL,43,92.0
1329048179569,1898,BUY,1896,SELL,1752,92.0
1329048179583,1899,BUY,1896,SELL,563,92.0
1329048179583,1899,BUY,1886,SELL,1136,93.0
1329048179583,1899,BUY,1883,SELL,1188,94.0
1329048179597,1900,BUY,1883,SELL,1764,94.0
1329048179597,1900,BUY,1895,SELL,391,94.0
1329048179614,1902,BUY,1895,SELL,1424,94.0
1329048179641,1905,BUY,1903,SELL,2176,93.0
1329048179661,1906,SELL,1901,BUY,1350,92.0
1329048179661,1906,SELL,1624,BUY,804,91.0
1329048179852,1908,BUY,1907,SELL,1365,92.0
1329048179983,1910,BUY,1907,SELL,1052,92.0
1329048180098,1911,BUY,1903,SELL,236,93.0
1329048180101,1912,BUY,1895,SELL,778,94.0
1329048180101,1912,BUY,1876,SELL,279,95.0
1329048180101,1912,BUY,1874,SELL,1040,96.0
1329048180146,1913,SELL,1911,BUY,1799,93.0
1329048180146,1913,SELL,1910,BUY,933,92.0
1329048180280,1914,SELL,1910,BUY,975,92.0
1329048180280,1914,SELL,1624,BUY,306,91.0
1329048180280,1914,SELL,1683,BUY,951,91.0
1329048180641,1920,BUY,1916,SELL,1235,95.0
1329048180854,1925,SELL,1924,BUY,1477,94.0
1329048181139,1930,BUY,1916,SELL,114,95.0
1329048181139,1930,BUY,1923,SELL,1381,95.0
1329048181152,1932,SELL,1930,BUY,625,95.0
1329048181152,1932,SELL,1924,BUY,999,94.0
1329048181152,1932,SELL,1919,BUY,611,93.0
1329048181257,1935,SELL,1919,BUY,1299,93.0
1329048181439,1939,SELL,1937,BUY,1647,95.0
1329048181502,1940,SELL,1937,BUY,951,95.0
1329048181644,1942,BUY,1940,SELL,288,95.0
1329048181644,1942,BUY,1874,SELL,1958,96.0
1329048181644,1942,BUY,1875,SELL,491,96.0
1329048181703,1943,SELL,1936,BUY,2528,94.0
1329048181703,1943,SELL,1919,BUY,148,93.0
1329048181895,1945,SELL,1919,BUY,916,93.0
1329048181895,1945,SELL,1918,BUY,1864,92.0
1329048182040,1947,SELL,1918,BUY,65,92.0
1329048182040,1947,SELL,1683,BUY,1126,91.0
1329048182079,1948,SELL,1683,BUY,727,91.0
1329048182079,1948,SELL,1802,BUY,1196,91.0
1329048182079,1948,SELL,1941,BUY,275,91.0
1329048182693,1958,SELL,1953,BUY,1202,92.0
1329048182950,1961,BUY,1958,SELL,1041,92.0
1329048182997,1962,BUY,1956,SELL,1372,93.0
1329048182997,1962,BUY,1950,SELL,1440,94.0
1329048183178,1964,BUY,1950,SELL,110,94.0
1329048183202,1965,SELL,1964,BUY,1161,94.0
1329048183224,1966,BUY,1965,SELL,1483,94.0
1329048183671,1971,BUY,1965,SELL,235,94.0
1329048183671,1971,BUY,1949,SELL,1851,95.0
1329048183671,1971,BUY,1875,SELL,61,96.0
1329048183935,1976,SELL,1963,BUY,1864,93.0
1329048184046,1977,SELL,1963,BUY,978,93.0
1329048184046,1977,SELL,1974,BUY,813,93.0
1329048184092,1978,BUY,1973,SELL,1329,94.0
1329048184092,1978,BUY,1972,SELL,35,95.0
1329048184117,1980,SELL,1974,BUY,1247,93.0
1329048184129,1981,SELL,1974,BUY,284,93.0
1329048184129,1981,SELL,1961,BUY,497,92.0
1329048184129,1981,SELL,1941,BUY,1158,91.0
1329048184241,1983,SELL,1982,BUY,1196,92.0
1329048184340,1985,BUY,1984,SELL,1215,94.0
1329048184528,1987,SELL,1982,BUY,746,92.0
1329048184584,1989,BUY,1987,SELL,1507,92.0
1329048184584,1989,BUY,1986,SELL,1420,93.0
1329048184715,1992,BUY,1990,SELL,1339,92.0
1329048184750,1993,BUY,1990,SELL,1388,92.0
1329048184750,1993,BUY,1986,SELL,355,93.0
1329048184835,1994,SELL,1941,BUY,1459,91.0
1329048184835,1994,SELL,1957,BUY,112,91.0
1329048184926,1995,BUY,1986,SELL,260,93.0
1329048184926,1995,BUY,1984,SELL,226,94.0
1329048184926,1995,BUY,1972,SELL,836,95.0
1329048185182,2001,BUY,1996,SELL,1614,94.0
1329048185221,2002,SELL,2000,BUY,1690,92.0
1329048185302,2003,BUY,1996,SELL,790,94.0
1329048185302,2003,BUY,1972,SELL,378,95.0
1329048185356,2004,BUY,1972,SELL,9,95.0
1329048185356,2004,BUY,1875,SELL,1813,96.0
1329048185356,2004,BUY,1894,SELL,729,96.0
1329048185576,2007,SELL,2000,BUY,225,92.0
1329048185576,2007,SELL,2005,BUY,1993,92.0
1329048185699,2008,SELL,2005,BUY,9,92.0
1329048185699,2008,SELL,1957,BUY,1558,91.0
1329048185699,2008,SELL,1126,BUY,1037,90.0
1329048185870,2012,BUY,2009,SELL,1628,95.0
1329048186089,2014,BUY,2013,SELL,1196,94.0
1329048186122,2015,SELL,2011,BUY,1348,91.0
1329048186122,2015,SELL,1126,BUY,213,90.0
1329048186122,2015,SELL,1178,BUY,443,90.0
1329048186266,2019,BUY,2016,SELL,1017,93.0
1329048186437,2022,BUY,2021,SELL,2901,92.0
1329048186437,2022,BUY,2016,SELL,14,93.0
1329048186544,2025,SELL,1178,BUY,1871,90.0
1329048186694,2027,SELL,1178,BUY,333,90.0
1329048186694,2027,SELL,1222,BUY,2358,90.0
1329048186723,2029,BUY,2028,SELL,2264,92.0
1329048186976,2033,SELL,1222,BUY,276,90.0
1329048186976,2033,SELL,1229,BUY,1120,90.0
1329048186976,2033,SELL,1250,BUY,1111,90.0
1329048187020,2034,SELL,1250,BUY,923,90.0
1329048187020,2034,SELL,1305,BUY,122,90.0
1329048187126,2036,BUY,2032,SELL,1778,91.0
1329048187204,2038,SELL,2036,BUY,831,91.0
1329048187207,2039,BUY,2038,SELL,643,91.0
1329048187207,2039,BUY,2028,SELL,144,92.0
1329048187207,2039,BUY,2016,SELL,1205,93.0
1329048187207,2039,BUY,2035,SELL,836,93.0
1329048187320,2040,SELL,1305,BUY,1632,90.0
1329048187347,2042,SELL,1305,BUY,286,90.0
1329048187347,2042,SELL,1324,BUY,2162,90.0
1329048187350,2043,BUY,2035,SELL,2132,93.0
1329048187350,2043,BUY,2013,SELL,210,94.0
1329048187485,2047,SELL,2046,BUY,1768,91.0
1329048187522,2049,SELL,1324,BUY,293,90.0
1329048187522,2049,SELL,1346,BUY,1257,90.0
1329048187522,2049,SELL,1555,BUY,692,90.0
1329048187654,2051,BUY,2047,SELL,276,91.0
1329048187682,2052,BUY,2044,SELL,2264,92.0
1329048187682,2052,BUY,2013,SELL,345,94.0
1329048187791,2053,BUY,2013,SELL,880,94.0
1329048187791,2053,BUY,2024,SELL,946,94.0
1329048188095,2058,SELL,2057,BUY,1339,93.0
1329048188115,2059,SELL,2057,BUY,314,93.0
1329048188181,2060,BUY,2059,SELL,1131,93.0
1329048188233,2062,SELL,2054,BUY,1423,92.0
1329048188233,2062,SELL,2055,BUY,604,92.0
1329048188486,2065,BUY,2059,SELL,1109,93.0
1329048188496,2066,BUY,2024,SELL,1071,94.0
1329048188626,2068,BUY,2009,SELL,450,95.0
1329048188626,2068,BUY,2048,SELL,1768,95.0
1329048188667,2069,SELL,2066,BUY,1030,94.0
1329048188667,2069,SELL,2065,BUY,55,93.0
1329048188667,2069,SELL,2055,BUY,1117,92.0
1329048188719,2071,BUY,2048,SELL,662,95.0
1329048188719,2071,BUY,1894,SELL,789,96.0
1329048188719,2071,BUY,1909,SELL,1315,96.0
1329048188951,2073,SELL,2055,BUY,584,92.0
1329048188951,2073,SELL,2051,BUY,2165,91.0
1329048188951,2073,SELL,1555,BUY,29,90.0
1329048188990,2074,BUY,1909,SELL,1181,96.0
1329048188990,2074,BUY,1988,SELL,156,96.0
1329048188996,2075,SELL,1555,BUY,1865,90.0
1329048188996,2075,SELL,1635,BUY,242,90.0
1329048189292,2080,SELL,2078,BUY,1128,92.0
1329048189292,2080,SELL,2076,BUY,461,91.0
1329048189390,2082,SELL,2076,BUY,693,91.0
1329048189390,2082,SELL,1635,BUY,842,90.0
1329048189599,2085,BUY,2083,SELL,1451,94.0
1329048189600,2086,SELL,1635,BUY,64,90.0
1329048189600,2086,SELL,1637,BUY,1481,90.0
1329048189758,2090,BUY,2088,SELL,1634,93.0
1329048189758,2090,BUY,2083,SELL,698,94.0
1329048189758,2090,BUY,2077,SELL,322,95.0
1329048189842,2092,SELL,2091,BUY,1689,91.0
1329048189842,2092,SELL,1637,BUY,534,90.0
1329048190022,2098,BUY,2096,SELL,2075,93.0
1329048190056,2099,SELL,2097,BUY,1202,92.0
1329048190128,2101,BUY,2099,SELL,950,92.0
1329048190215,2102,BUY,2096,SELL,814,93.0
1329048190323,2105,SELL,2102,BUY,604,93.0
1329048190323,2105,SELL,2101,BUY,410,92.0
1329048190323,2105,SELL,2095,BUY,1867,91.0
1329048190447,2107,BUY,2106,SELL,2502,93.0
1329048190513,2108,BUY,2106,SELL,249,93.0
1329048190513,2108,BUY,2094,SELL,1801,94.0
1329048190801,2114,BUY,2111,SELL,2205,93.0
1329048190889,2116,BUY,2094,SELL,1123,94.0
1329048190966,2117,BUY,2094,SELL,12,94.0
1329048190966,2117,BUY,2077,SELL,1173,95.0
1329048190966,2117,BUY,1988,SELL,856,96.0
1329048190979,2118,BUY,1988,SELL,1590,96.0
1329048191172,2122,BUY,1988,SELL,314,96.0
1329048191172,2122,BUY,2104,SELL,1943,96.0
1329048191172,2122,BUY,2110,SELL,62,96.0
1329048191203,2123,BUY,2110,SELL,1697,96.0
1329048191210,2124,BUY,2110,SELL,671,96.0
1329048191210,2124,BUY,1864,SELL,823,97.0
1329048191210,2124,BUY,1931,SELL,493,97.0
1329048191244,2125,SELL,2120,BUY,1895,95.0
1329048191244,2125,SELL,2119,BUY,906,94.0
1329048191334,2129,SELL,2128,BUY,1267,96.0
1329048191572,2133,SELL,2128,BUY,1038,96.0
1329048191604,2134,SELL,2126,BUY,1128,95.0
1329048191604,2134,SELL,2119,BUY,158,94.0
1329048191604,2134,SELL,2114,BUY,125,93.0
1329048191604,2134,SELL,2115,BUY,838,93.0
1329048191619,2136,BUY,2135,SELL,1624,95.0
1329048191619,2136,BUY,2133,SELL,1155,96.0
1329048191619,2136,BUY,1931,SELL,30,97.0
1329048191832,2138,SELL,2115,BUY,1721,93.0
1329048191839,2139,SELL,2115,BUY,45,93.0
1329048191839,2139,SELL,2137,BUY,1512,93.0
1329048191980,2140,SELL,2137,BUY,476,93.0
1329048191980,2140,SELL,2112,BUY,1370,92.0
1329048191980,2140,SELL,2095,BUY,214,91.0
1329048191980,2140,SELL,2132,BUY,533,91.0
1329048192011,2141,BUY,1931,SELL,1015,97.0
1329048192011,2141,BUY,1951,SELL,997,97.0
1329048192168,2143,BUY,1951,SELL,448,97.0
1329048192168,2143,BUY,1967,SELL,2130,97.0
1329048192182,2144,BUY,1967,SELL,819,97.0
1329048192182,2144,BUY,2061,SELL,1639,97.0
1329048192258,2146,SELL,2132,BUY,1026,91.0
1329048192258,2146,SELL,1637,BUY,831,90.0
1329048192258,2146,SELL,1663,BUY,1112,90.0
1329048192425,2148,SELL,1663,BUY,133,90.0
1329048192425,2148,SELL,1671,BUY,1172,90.0
1329048192425,2148,SELL,1726,BUY,573,90.0
1329048192665,2153,BUY,2147,SELL,1011,95.0
1329048192665,2153,BUY,2145,SELL,302,96.0
1329048192819,2155,BUY,2145,SELL,1079,96.0
1329048193033,2158,BUY,2156,SELL,1880,95.0
1329048193087,2165,SELL,2164,BUY,2124,91.0
1329048193311,2166,SELL,2164,BUY,296,91.0
1329048193311,2166,SELL,1726,BUY,687,90.0
1329048193311,2166,SELL,1745,BUY,979,90.0
1329048193321,2167,SELL,1745,BUY,852,90.0
1329048193321,2167,SELL,1795,BUY,1765,90.0
1329048193321,2167,SELL,1904,BUY,357,90.0
1329048193498,2169,SELL,1904,BUY,1969,90.0
1329048193498,2169,SELL,1979,BUY,949,90.0
1329048193739,2173,SELL,2170,BUY,1125,91.0
1329048193741,2174,SELL,2170,BUY,71,91.0
1329048193759,2175,BUY,2174,SELL,1624,91.0
1329048193770,2176,BUY,2174,SELL,306,91.0
1329048193811,2177,BUY,2171,SELL,2729,92.0
1329048193817,2178,SELL,2177,BUY,71,92.0
1329048193862,2179,SELL,2176,BUY,1129,91.0
1329048193969,2180,SELL,1979,BUY,1111,90.0
1329048193969,2180,SELL,2020,BUY,1649,90.0
1329048194068,2181,SELL,2020,BUY,116,90.0
1329048194068,2181,SELL,2037,BUY,1096,90.0
1329048194068,2181,SELL,2121,BUY,637,90.0
1329048194100,2182,SELL,2121,BUY,1282,90.0
1329048194141,2183,SELL,623,BUY,492,89.0
1329048194141,2183,SELL,682,BUY,1625,89.0
1329048194246,2185,BUY,2182,SELL,1416,90.0
1329048194443,2187,BUY,2179,SELL,445,91.0
1329048194443,2187,BUY,2186,SELL,996,91.0
1329048194484,2189,BUY,2186,SELL,25,91.0
1329048194484,2189,BUY,2188,SELL,1014,91.0
1329048194581,2191,SELL,2189,BUY,484,91.0
1329048194590,2192,SELL,2185,BUY,256,90.0
1329048194590,2192,SELL,682,BUY,1074,89.0
1329048194590,2192,SELL,798,BUY,940,89.0
1329048194790,2194,BUY,2191,SELL,1210,91.0
1329048194790,2194,BUY,2178,SELL,959,92.0
1329048194961,2198,BUY,2195,SELL,1507,91.0
1329048195044,2199,SELL,2193,BUY,2165,90.0
1329048195091,2200,SELL,2193,BUY,525,90.0
1329048195139,2201,SELL,798,BUY,774,89.0
1329048195139,2201,SELL,864,BUY,1867,89.0
1329048195224,2202,BUY,2200,SELL,1167,90.0
1329048195224,2202,BUY,2195,SELL,182,91.0
1329048195224,2202,BUY,2178,SELL,1168,92.0
1329048195292,2203,SELL,864,BUY,287,89.0
1329048195292,2203,SELL,926,BUY,1493,89.0
1329048195335,2204,BUY,2178,SELL,91,92.0
1329048195335,2204,BUY,2168,SELL,2444,93.0
1329048195496,2207,BUY,2168,SELL,183,93.0
1329048195496,2207,BUY,2162,SELL,1192,94.0
1329048195496,2207,BUY,2197,SELL,795,94.0
1329048195551,2208,SELL,2205,BUY,1151,90.0
1329048195564,2209,BUY,2197,SELL,1273,94.0
1329048195564,2209,BUY,2156,SELL,525,95.0
1329048195564,2209,BUY,2190,SELL,918,95.0
1329048195565,2210,BUY,2190,SELL,344,95.0
1329048195565,2210,BUY,2145,SELL,696,96.0
1329048195651,2213,BUY,2145,SELL,98,96.0
1329048195651,2213,BUY,2061,SELL,425,97.0
1329048195651,2213,BUY,2100,SELL,948,97.0
1329048195739,2217,BUY,2100,SELL,1565,97.0
1329048195739,2217,BUY,2103,SELL,928,97.0
1329048196247,2224,BUY,2221,SELL,2354,96.0
1329048196316,2226,BUY,2221,SELL,397,96.0
1329048196316,2226,BUY,2103,SELL,158,97.0
1329048196316,2226,BUY,2149,SELL,753,97.0
1329048196319,2227,SELL,2220,BUY,2263,92.0
1329048196511,2229,SELL,2220,BUY,475,92.0
1329048196511,2229,SELL,2218,BUY,1706,91.0
1329048196524,2230,SELL,2218,BUY,1269,91.0
1329048196524,2230,SELL,2219,BUY,1214,91.0
1329048196546,2231,BUY,2149,SELL,1978,97.0
1329048196546,2231,BUY,2161,SELL,978,97.0
1329048196615,2232,SELL,2219,BUY,1297,91.0
1329048196615,2232,SELL,2205,BUY,49,90.0
1329048196615,2232,SELL,926,BUY,129,89.0
1329048196838,2237,BUY,2235,SELL,1923,96.0
1329048196838,2237,BUY,2161,SELL,350,97.0
1329048197204,2244,BUY,2161,SELL,259,97.0
1329048197204,2244,BUY,2214,SELL,2710,97.0
1329048197254,2247,BUY,2246,SELL,1824,96.0
1329048197254,2247,BUY,2214,SELL,95,97.0
1329048197254,2247,BUY,2216,SELL,169,97.0
1329048197561,2249,BUY,2216,SELL,1331,97.0
1329048198248,2262,BUY,2256,SELL,1589,95.0
1329048198327,2264,BUY,2256,SELL,611,95.0
1329048198327,2264,BUY,2254,SELL,875,96.0
1329048198534,2265,BUY,2254,SELL,1001,96.0
1329048198534,2265,BUY,2216,SELL,662,97.0
1329048198560,2266,BUY,2216,SELL,491,97.0
1329048198560,2266,BUY,2222,SELL,2096,97.0
1329048198730,2269,BUY,2268,SELL,2087,95.0
1329048198797,2270,SELL,2260,BUY,1015,94.0
1329048198858,2271,SELL,2260,BUY,202,94.0
1329048198912,2272,SELL,2258,BUY,1917,93.0
1329048199007,2274,SELL,2255,BUY,2459,92.0
1329048199008,2275,BUY,2272,SELL,641,93.0
1329048199030,2277,SELL,2275,BUY,1192,93.0
1329048199030,2277,SELL,2255,BUY,121,92.0
1329048199030,2277,SELL,2239,BUY,993,91.0
1329048199370,2282,SELL,2280,BUY,1337,93.0
1329048199478,2284,BUY,2271,SELL,1804,94.0
1329048199513,2285,BUY,2271,SELL,634,94.0
1329048199590,2286,BUY,2268,SELL,230,95.0
1329048199590,2286,BUY,2273,SELL,1487,95.0
1329048199590,2286,BUY,2267,SELL,775,96.0
1329048199859,2291,BUY,2289,SELL,1141,95.0
1329048199982,2292,SELL,2285,BUY,608,94.0
1329048200150,2293,BUY,2292,SELL,1158,94.0
1329048200255,2295,SELL,2280,BUY,898,93.0
1329048200255,2295,SELL,2294,BUY,658,93.0
1329048200267,2296,SELL,2294,BUY,1456,93.0
1329048200305,2297,BUY,2296,SELL,479,93.0
1329048200305,2297,BUY,2292,SELL,958,94.0
1329048200305,2297,BUY,2289,SELL,1017,95.0
1329048200368,2298,BUY,2289,SELL,127,95.0
1329048200368,2298,BUY,2267,SELL,1382,96.0
1329048200369,2298,BUY,2222,SELL,74,97.0
1329048200369,2298,BUY,2287,SELL,127,97.0
1329048200445,2300,BUY,2287,SELL,1959,97.0
1329048200532,2301,SELL,2299,BUY,2036,93.0
1329048200698,2304,BUY,2287,SELL,763,97.0
1329048200698,2304,BUY,1861,SELL,1114,98.0
1329048200698,2304,BUY,1885,SELL,4,98.0
1329048200738,2305,BUY,1885,SELL,1360,98.0
1329048200866,2310,SELL,2307,BUY,2709,95.0
1329048200953,2311,SELL,2307,BUY,63,95.0
1329048200953,2311,SELL,2303,BUY,1568,94.0
1329048200953,2311,SELL,2299,BUY,347,93.0
1329048200953,2311,SELL,2279,BUY,943,92.0
1329048201048,2314,SELL,2312,BUY,1737,93.0
1329048201297,2317,BUY,2316,SELL,1333,96.0
1329048201297,2317,BUY,2309,SELL,1256,97.0
1329048201413,2319,SELL,2312,BUY,3,93.0
1329048201413,2319,SELL,2279,BUY,1878,92.0
1329048201413,2319,SELL,2283,BUY,725,92.0
1329048201740,2324,BUY,2323,SELL,2525,96.0
1329048201740,2324,BUY,2309,SELL,368,97.0
1329048201740,2324,BUY,1885,SELL,53,98.0
1329048201846,2327,SELL,2322,BUY,1342,93.0
1329048201889,2328,BUY,2326,SELL,1170,97.0
1329048201889,2328,BUY,1885,SELL,368,98.0
1329048201889,2328,BUY,1926,SELL,138,98.0
1329048202016,2330,BUY,1926,SELL,2208,98.0
1329048202016,2330,BUY,1928,SELL,467,98.0
1329048202237,2333,BUY,1928,SELL,1716,98.0
1329048202237,2333,BUY,1968,SELL,1010,98.0
1329048202311,2336,BUY,1968,SELL,1297,98.0
1329048202311,2336,BUY,2030,SELL,1024,98.0
1329048202480,2340,SELL,2335,BUY,1642,94.0
1329048202480,2340,SELL,2322,BUY,371,93.0
1329048202480,2340,SELL,2339,BUY,64,93.0
1329048202548,2342,SELL,2339,BUY,1927,93.0
1329048202548,2342,SELL,2283,BUY,906,92.0
1329048202682,2344,BUY,2341,SELL,1462,96.0
1329048202734,2346,BUY,2341,SELL,152,96.0
1329048202734,2346,BUY,2338,SELL,1308,97.0
1329048202734,2346,BUY,2030,SELL,298,98.0
1329048202734,2346,BUY,2151,SELL,304,98.0
1329048202825,2347,BUY,2151,SELL,944,98.0
1329048202825,2347,BUY,2154,SELL,683,98.0
1329048203197,2352,SELL,2283,BUY,433,92.0
1329048203197,2352,SELL,2325,BUY,1579,92.0
1329048203197,2352,SELL,2334,BUY,972,92.0
1329048203227,2353,SELL,2334,BUY,1835,92.0
1329048203320,2354,BUY,2154,SELL,693,98.0
1329048203320,2354,BUY,2250,SELL,1625,98.0
1329048203419,2356,SELL,2334,BUY,28,92.0
1329048203419,2356,SELL,2239,BUY,1517,91.0
1329048203419,2356,SELL,2257,BUY,334,91.0
1329048203688,2358,BUY,2357,SELL,1398,96.0
1329048203930,2366,SELL,2364,BUY,1260,94.0
1329048204041,2369,BUY,2366,SELL,1301,94.0
1329048204041,2369,BUY,2367,SELL,1289,94.0
1329048204050,2370,SELL,2361,BUY,1049,93.0
1329048204091,2371,BUY,2367,SELL,1006,94.0
1329048204096,2372,SELL,2371,BUY,1495,94.0
1329048204233,2374,SELL,2361,BUY,1285,93.0
1329048204233,2374,SELL,2363,BUY,644,93.0
1329048204290,2375,BUY,2372,SELL,118,94.0
1329048204290,2375,BUY,2359,SELL,1482,95.0
1329048204299,2376,BUY,2359,SELL,1120,95.0
1329048204299,2376,BUY,2357,SELL,208,96.0
1329048204299,2376,BUY,2362,SELL,1251,96.0
1329048204620,2381,BUY,2362,SELL,260,96.0
1329048204620,2381,BUY,2355,SELL,803,97.0
1329048204791,2385,BUY,2355,SELL,612,97.0
1329048204791,2385,BUY,2250,SELL,275,98.0
1329048204791,2385,BUY,2259,SELL,633,98.0
1329048204973,2387,BUY,2259,SELL,778,98.0
1329048204973,2387,BUY,2302,SELL,1212,98.0
1329048204973,2387,BUY,2345,SELL,614,98.0
1329048205028,2389,BUY,2345,SELL,1052,98.0
1329048205028,2389,BUY,2348,SELL,1089,98.0
1329048205115,2391,SELL,2388,BUY,1370,97.0
1329048205124,2392,BUY,2348,SELL,1808,98.0
1329048205124,2392,BUY,2349,SELL,46,98.0
1329048205188,2393,BUY,2349,SELL,1191,98.0
1329048205188,2393,BUY,2368,SELL,922,98.0
1329048205257,2394,SELL,2388,BUY,517,97.0
1329048205367,2396,SELL,2384,BUY,1533,96.0
1329048205367,2396,SELL,2379,BUY,623,95.0
1329048205607,2400,BUY,2394,SELL,718,97.0
1329048205607,2400,BUY,2368,SELL,1689,98.0
1329048205607,2400,BUY,1772,SELL,408,99.0
1329048205779,2402,BUY,2401,SELL,1478,98.0
1329048205779,2402,BUY,1772,SELL,873,99.0
1329048205869,2403,SELL,2379,BUY,1856,95.0
1329048205869,2403,SELL,2399,BUY,151,95.0
1329048206308,2412,SELL,2411,BUY,1030,97.0
1329048206428,2414,BUY,2406,SELL,2273,98.0
1329048206428,2414,BUY,2407,SELL,509,98.0
1329048206455,2415,BUY,2407,SELL,1780,98.0
1329048206479,2416,SELL,2411,BUY,1318,97.0
1329048206516,2417,SELL,2409,BUY,1005,96.0
1329048206591,2418,BUY,2416,SELL,980,97.0
1329048206591,2419,SELL,2418,BUY,1104,97.0
1329048206706,2420,BUY,2407,SELL,429,98.0
1329048206706,2420,BUY,1772,SELL,588,99.0
1329048206706,2420,BUY,1782,SELL,582,99.0
1329048206820,2422,BUY,1782,SELL,1773,99.0
1329048206827,2423,SELL,2421,BUY,1757,98.0
1329048206934,2425,SELL,2421,BUY,1089,98.0
1329048206934,2425,SELL,2418,BUY,601,97.0
1329048206934,2425,SELL,2409,BUY,531,96.0
1329048207202,2431,SELL,2428,BUY,1317,98.0
1329048207202,2431,SELL,2426,BUY,780,97.0
1329048207616,2436,BUY,2435,SELL,1712,98.0
1329048207762,2439,BUY,1782,SELL,510,99.0
1329048207762,2439,BUY,1915,SELL,1621,99.0
1329048207762,2439,BUY,1938,SELL,772,99.0
1329048208109,2444,BUY,1938,SELL,493,99.0
1329048208109,2444,BUY,2018,SELL,1958,99.0
1329048208134,2445,BUY,2018,SELL,563,99.0
1329048208134,2445,BUY,2070,SELL,2156,99.0
1329048208175,2446,SELL,2436,BUY,14,98.0
1329048208184,2447,SELL,2426,BUY,1236,97.0
1329048208236,2448,SELL,2426,BUY,627,97.0
1329048208236,2448,SELL,2443,BUY,2277,97.0
1329048208265,2449,BUY,2446,SELL,1434,98.0
1329048208518,2452,BUY,2446,SELL,773,98.0
1329048208552,2453,BUY,2070,SELL,38,99.0
1329048208552,2453,BUY,2131,SELL,1599,99.0
1329048208598,2455,BUY,2131,SELL,399,99.0
1329048208598,2455,BUY,2172,SELL,750,99.0
1329048208640,2457,SELL,2452,BUY,1172,98.0
1329048208665,2458,BUY,2172,SELL,2089,99.0
1329048208665,2458,BUY,2228,SELL,391,99.0
1329048208842,2460,SELL,2452,BUY,376,98.0
1329048208842,2460,SELL,2443,BUY,36,97.0
1329048208842,2460,SELL,2450,BUY,956,97.0
1329048208879,2461,SELL,2450,BUY,1337,97.0
1329048208879,2461,SELL,2409,BUY,588,96.0
1329048208967,2463,SELL,2462,BUY,1829,98.0
1329048209076,2466,BUY,2465,SELL,1236,97.0
1329048209115,2467,SELL,2409,BUY,671,96.0
1329048209115,2467,SELL,2456,BUY,1243,96.0
1329048209258,2469,SELL,2456,BUY,1535,96.0
1329048209352,2472,BUY,2469,SELL,287,96.0
1329048209367,2473,SELL,2472,BUY,1145,96.0
1329048209421,2474,BUY,2465,SELL,723,97.0
1329048209471,2475,SELL,2474,BUY,352,97.0
1329048209471,2475,SELL,2472,BUY,1178,96.0
1329048209720,2478,BUY,2463,SELL,954,98.0
1329048209720,2478,BUY,2228,SELL,748,99.0
1329048209721,2479,BUY,2228,SELL,1352,99.0
1329048209721,2479,BUY,2261,SELL,1406,99.0
1329048209793,2483,BUY,2481,SELL,2302,98.0
1329048209914,2484,SELL,2477,BUY,1314,97.0
1329048209914,2484,SELL,2472,BUY,320,96.0
1329048209914,2484,SELL,2399,BUY,913,95.0
1329048209926,2485,SELL,2399,BUY,574,95.0
1329048209926,2485,SELL,2437,BUY,1178,95.0
1329048209927,2486,SELL,2437,BUY,516,95.0
1329048209927,2486,SELL,2451,BUY,1236,95.0
1329048209927,2486,SELL,2378,BUY,260,94.0
1329048210050,2489,SELL,2488,BUY,1192,97.0
1329048210266,2493,SELL,2488,BUY,999,97.0
1329048210300,2494,SELL,2487,BUY,1528,96.0
1329048210420,2496,SELL,2487,BUY,304,96.0
1329048210423,2497,BUY,2496,SELL,1418,96.0
1329048210423,2497,BUY,2493,SELL,896,97.0
1329048210423,2497,BUY,2481,SELL,286,98.0
1329048210423,2497,BUY,2482,SELL,314,98.0
1329048210450,2498,SELL,2378,BUY,2411,94.0
1329048210450,2498,SELL,2440,BUY,510,94.0
1329048210679,2502,SELL,2499,BUY,1869,95.0
1329048210679,2502,SELL,2501,BUY,740,95.0
1329048210860,2504,BUY,2503,SELL,1291,97.0
1329048210860,2504,BUY,2482,SELL,982,98.0
1329048210963,2507,BUY,2506,SELL,2321,97.0
1329048211003,2510,SELL,2505,BUY,1511,96.0
1329048211091,2512,SELL,2501,BUY,1380,95.0
1329048211091,2512,SELL,2440,BUY,412,94.0
1329048211140,2514,BUY,2513,SELL,1012,95.0
1329048211140,2514,BUY,2510,SELL,793,96.0
1329048211140,2514,BUY,2506,SELL,334,97.0
1329048211140,2514,BUY,2482,SELL,452,98.0
1329048211140,2514,BUY,2491,SELL,93,98.0
1329048211171,2515,SELL,2440,BUY,1289,94.0
1329048211171,2515,SELL,2442,BUY,1068,94.0
1329048211197,2516,SELL,2442,BUY,343,94.0
1329048211197,2516,SELL,2459,BUY,854,94.0
1329048211304,2518,BUY,2491,SELL,1037,98.0
1329048211304,2518,BUY,2261,SELL,693,99.0
1329048211304,2518,BUY,2315,SELL,216,99.0
1329048211503,2520,BUY,2315,SELL,1766,99.0
1329048211503,2520,BUY,2438,SELL,267,99.0
1329048211556,2521,BUY,2438,SELL,1748,99.0
1329048211594,2522,BUY,2438,SELL,380,99.0
1329048211594,2522,BUY,2492,SELL,2466,99.0
1329048211723,2525,SELL,2524,BUY,1367,95.0
1329048211723,2525,SELL,2459,BUY,981,94.0
1329048211943,2528,BUY,2523,SELL,1423,98.0
1329048211943,2528,BUY,2492,SELL,399,99.0
1329048211943,2528,BUY,1718,SELL,583,100.0
1329048212313,2535,SELL,2527,BUY,1576,95.0
1329048212497,2537,SELL,2527,BUY,782,95.0
1329048212538,2538,BUY,2537,SELL,276,95.0
1329048212538,2538,BUY,2536,SELL,1402,96.0
1329048212538,2538,BUY,2534,SELL,517,97.0
1329048212591,2541,BUY,2534,SELL,1335,97.0
1329048212591,2541,BUY,2533,SELL,1,98.0
1329048212651,2543,BUY,2542,SELL,1282,97.0
1329048212741,2544,SELL,2543,BUY,322,97.0
1329048212741,2544,SELL,2540,BUY,738,96.0
1329048212839,2545,BUY,2533,SELL,1716,98.0
1329048212839,2545,BUY,2532,SELL,913,99.0
1329048212867,2547,SELL,2540,BUY,1692,96.0
1329048212867,2547,SELL,2539,BUY,434,95.0
1329048213470,2555,BUY,2552,SELL,2158,98.0
1329048213639,2560,SELL,2558,BUY,1022,97.0
1329048213671,2561,SELL,2556,BUY,1162,96.0
1329048213691,2563,BUY,2561,SELL,1608,96.0
1329048213782,2565,SELL,2563,BUY,694,96.0
1329048213823,2566,BUY,2565,SELL,1095,96.0
1329048213823,2566,BUY,2560,SELL,1496,97.0
1329048213881,2567,SELL,2539,BUY,1105,95.0
1329048213932,2569,SELL,2539,BUY,241,95.0
1329048213932,2569,SELL,2557,BUY,1156,95.0
1329048214091,2571,BUY,2568,SELL,2347,96.0
1329048214091,2571,BUY,2560,SELL,129,97.0
1329048214091,2571,BUY,2570,SELL,225,97.0
1329048214125,2572,SELL,2557,BUY,1691,95.0
1329048214125,2572,SELL,2459,BUY,165,94.0
1329048214259,2575,BUY,2570,SELL,1015,97.0
1329048214259,2575,BUY,2573,SELL,1443,97.0
1329048214259,2575,BUY,2552,SELL,540,98.0
1329048214263,2576,BUY,2552,SELL,296,98.0
1329048214263,2576,BUY,2532,SELL,2076,99.0
1329048214263,2576,BUY,2549,SELL,432,99.0
1329048214329,2577,SELL,2574,BUY,1046,95.0
1329048214329,2577,SELL,2459,BUY,683,94.0
1329048214329,2577,SELL,2471,BUY,159,94.0
1329048214611,2582,BUY,2579,SELL,1507,98.0
1329048214611,2582,BUY,2549,SELL,640,99.0
1329048214611,2582,BUY,2554,SELL,150,99.0
1329048214842,2588,BUY,2554,SELL,1922,99.0
1329048214847,2589,SELL,2583,BUY,1649,97.0
1329048214847,2589,SELL,2584,BUY,771,97.0
1329048214908,2590,SELL,2584,BUY,1899,97.0
1329048214908,2590,SELL,2580,BUY,187,96.0
1329048215199,2593,BUY,2591,SELL,1686,98.0
1329048215200,2594,SELL,2593,BUY,752,98.0
1329048215200,2594,SELL,2592,BUY,1167,97.0
1329048215214,2595,SELL,2592,BUY,1244,97.0
1329048215214,2595,SELL,2580,BUY,1496,96.0
1329048215214,2595,SELL,2578,BUY,68,95.0
1329048215233,2596,BUY,2554,SELL,666,99.0
1329048215233,2596,BUY,1718,SELL,111,100.0
1329048215233,2596,BUY,1794,SELL,499,100.0
1329048215546,2601,BUY,2598,SELL,1354,99.0
1329048215591,2603,BUY,2598,SELL,894,99.0
1329048215591,2603,BUY,2599,SELL,546,99.0
1329048215655,2604,BUY,2599,SELL,1187,99.0
1329048215655,2604,BUY,1794,SELL,785,100.0
1329048215931,2610,SELL,2608,BUY,2474,96.0
1329048215931,2610,SELL,2578,BUY,303,95.0
1329048216133,2613,SELL,2578,BUY,2446,95.0
1329048216133,2613,SELL,2597,BUY,426,95.0
1329048216400,2618,BUY,2611,SELL,2119,98.0
1329048216569,2620,BUY,2611,SELL,876,98.0
1329048216645,2621,SELL,2620,BUY,2068,98.0
1329048216645,2621,SELL,2619,BUY,225,97.0
1329048216740,2624,SELL,2619,BUY,1161,97.0
1329048216740,2624,SELL,2616,BUY,985,96.0
1329048216741,2625,BUY,2623,SELL,1117,98.0
1329048216852,2628,BUY,2605,SELL,1350,99.0
1329048216854,2629,BUY,2605,SELL,857,99.0
1329048216855,2629,BUY,1794,SELL,189,100.0
1329048216855,2629,BUY,1868,SELL,1208,100.0
1329048216855,2629,BUY,1893,SELL,611,100.0
1329048216858,2630,BUY,1893,SELL,1991,100.0
1329048216858,2630,BUY,1921,SELL,771,100.0
1329048217070,2633,BUY,2631,SELL,1087,99.0
1329048217183,2634,SELL,2625,BUY,310,98.0
1329048217183,2634,SELL,2616,BUY,497,96.0
1329048217183,2634,SELL,2597,BUY,1097,95.0
1329048217307,2636,SELL,2597,BUY,429,95.0
1329048217307,2636,SELL,2627,BUY,1309,95.0
1329048217324,2637,BUY,2631,SELL,1264,99.0
1329048217324,2637,BUY,1921,SELL,139,100.0
1329048217381,2638,BUY,1921,SELL,183,100.0
1329048217381,2638,BUY,1929,SELL,1567,100.0
1329048217382,2638,BUY,2026,SELL,1019,100.0
1329048217390,2639,SELL,2627,BUY,549,95.0
1329048217390,2639,SELL,2471,BUY,1069,94.0
1329048217390,2639,SELL,2517,BUY,1253,94.0
1329048217479,2641,BUY,2026,SELL,1107,100.0
1329048217479,2641,BUY,2031,SELL,1169,100.0
1329048217479,2641,BUY,2072,SELL,610,100.0
1329048217483,2642,BUY,2072,SELL,1204,100.0
1329048217483,2642,BUY,2163,SELL,895,100.0
1329048217483,2643,SELL,2517,BUY,191,94.0
1329048217483,2643,SELL,2548,BUY,1136,94.0
1329048217483,2643,SELL,2363,BUY,669,93.0
1329048218132,2653,SELL,2648,BUY,1565,96.0
1329048218159,2654,BUY,2651,SELL,1238,99.0
1329048218339,2658,SELL,2657,BUY,1266,98.0
1329048218359,2659,BUY,2658,SELL,618,98.0
1329048218414,2661,BUY,2651,SELL,408,99.0
1329048218414,2661,BUY,2652,SELL,1642,99.0
1329048218414,2661,BUY,2163,SELL,153,100.0
1329048218587,2664,BUY,2163,SELL,1724,100.0
1329048218587,2664,BUY,2390,SELL,1028,100.0
1329048218588,2665,SELL,2659,BUY,854,98.0
1329048218588,2665,SELL,2655,BUY,620,97.0
1329048218854,2669,SELL,2655,BUY,698,97.0
1329048218854,2669,SELL,2656,BUY,350,97.0
1329048218910,2670,SELL,2656,BUY,1439,97.0
1329048218919,2671,BUY,2668,SELL,1312,98.0
1329048218983,2672,BUY,2666,SELL,1337,99.0
1329048218983,2672,BUY,2390,SELL,133,100.0
1329048218983,2672,BUY,2468,SELL,1128,100.0
1329048219016,2673,BUY,2468,SELL,1068,100.0
1329048219016,2673,BUY,2508,SELL,637,100.0
1329048219248,2676,SELL,2671,BUY,1070,98.0
1329048219248,2676,SELL,2656,BUY,369,97.0
1329048219248,2676,SELL,2648,BUY,386,96.0
1329048219407,2679,BUY,2678,SELL,1644,99.0
1329048219787,2686,SELL,2648,BUY,473,96.0
1329048219787,2686,SELL,2647,BUY,1177,95.0
1329048219787,2686,SELL,2663,BUY,110,95.0
1329048219966,2690,BUY,2689,SELL,1925,97.0
1329048219966,2690,BUY,2688,SELL,811,98.0
1329048220009,2692,SELL,2687,BUY,2408,96.0
1329048220048,2693,BUY,2688,SELL,1537,98.0
1329048220048,2693,BUY,2678,SELL,494,99.0
1329048220048,2693,BUY,2508,SELL,336,100.0
1329048220200,2695,BUY,2508,SELL,665,100.0
1329048220200,2695,BUY,2546,SELL,1027,100.0
1329048220287,2698,SELL,2687,BUY,411,96.0
1329048220287,2698,SELL,2663,BUY,1219,95.0
1329048220287,2698,SELL,2682,BUY,1105,95.0
1329048220379,2700,SELL,2699,BUY,2064,96.0
1329048220379,2700,SELL,2682,BUY,280,95.0
1329048220380,2701,SELL,2682,BUY,279,95.0
1329048220380,2701,SELL,2645,BUY,1865,94.0
1329048220514,2705,SELL,2704,BUY,2175,95.0
1329048220514,2705,SELL,2645,BUY,254,94.0
1329048220514,2705,SELL,2363,BUY,277,93.0
1329048220516,2706,SELL,2363,BUY,914,93.0
1329048220516,2706,SELL,2424,BUY,2034,93.0
1329048220831,2710,SELL,2424,BUY,378,93.0
1329048220831,2710,SELL,2433,BUY,1132,93.0
1329048220936,2711,SELL,2433,BUY,848,93.0
1329048220936,2711,SELL,2454,BUY,2092,93.0
1329048220936,2711,SELL,2587,BUY,7,93.0
1329048220969,2713,BUY,2712,SELL,1343,94.0
1329048221079,2716,BUY,2712,SELL,1382,94.0
1329048221126,2717,BUY,2712,SELL,98,94.0
1329048221126,2717,BUY,2708,SELL,1090,95.0
1329048221257,2719,SELL,2718,BUY,1423,94.0
1329048221322,2720,BUY,2708,SELL,2,95.0
1329048221322,2720,BUY,2703,SELL,1148,96.0
1329048221382,2721,BUY,2703,SELL,410,96.0
1329048221382,2721,BUY,2702,SELL,1134,97.0
1329048221524,2724,BUY,2702,SELL,1158,97.0
1329048221649,2726,SELL,2722,BUY,1979,95.0
1329048221650,2727,SELL,2718,BUY,108,94.0
1329048221650,2727,SELL,2587,BUY,1415,93.0
1329048221904,2731,SELL,2587,BUY,751,93.0
1329048221904,2731,SELL,2606,BUY,1795,93.0
1329048221920,2733,SELL,2606,BUY,19,93.0
1329048221920,2733,SELL,2714,BUY,1318,93.0
1329048221981,2735,BUY,2730,SELL,1325,94.0
1329048222037,2736,SELL,2735,BUY,69,94.0
1329048222037,2736,SELL,2714,BUY,1147,93.0
1329048222037,2736,SELL,2723,BUY,1505,93.0
1329048222056,2737,SELL,2723,BUY,303,93.0
1329048222056,2737,SELL,2360,BUY,1163,92.0
1329048222056,2737,SELL,2380,BUY,12,92.0
1329048222440,2742,SELL,2739,BUY,2002,93.0
1329048222440,2742,SELL,2380,BUY,875,92.0
1329048222461,2743,SELL,2380,BUY,408,92.0
1329048222461,2743,SELL,2382,BUY,1738,92.0
1329048222461,2743,SELL,2405,BUY,98,92.0
1329048222525,2745,BUY,2744,SELL,1740,93.0
1329048222555,2746,SELL,2405,BUY,1875,92.0
1329048222555,2746,SELL,2413,BUY,941,92.0
1329048222569,2747,BUY,2744,SELL,568,93.0
1329048222742,2749,BUY,2741,SELL,2231,94.0
1329048222742,2749,BUY,2748,SELL,40,94.0
1329048222883,2750,BUY,2748,SELL,1474,94.0
1329048222888,2751,SELL,2747,BUY,1344,93.0
1329048222907,2752,SELL,2413,BUY,1392,92.0
1329048222907,2752,SELL,2434,BUY,876,92.0
1329048222951,2754,BUY,2751,SELL,1055,93.0
1329048222958,2755,SELL,2434,BUY,197,92.0
1329048222958,2755,SELL,2729,BUY,831,92.0
1329048223061,2757,BUY,2751,SELL,411,93.0
1329048223276,2760,SELL,2757,BUY,1590,93.0
1329048223276,2760,SELL,2729,BUY,174,92.0
1329048223453,2763,BUY,2748,SELL,549,94.0
1329048223453,2763,BUY,2753,SELL,1792,94.0
1329048223468,2764,BUY,2753,SELL,48,94.0
1329048223468,2764,BUY,2761,SELL,1017,94.0
1329048223516,2765,SELL,2762,BUY,1878,93.0
1329048223598,2766,BUY,2765,SELL,295,93.0
1329048223598,2766,BUY,2761,SELL,1365,94.0
1329048223598,2766,BUY,2726,SELL,150,95.0
1329048223598,2766,BUY,2738,SELL,901,95.0
1329048223624,2767,BUY,2738,SELL,1064,95.0
1329048223624,2767,BUY,2725,SELL,1712,96.0
1329048223624,2767,BUY,2702,SELL,79,97.0
1329048223630,2768,BUY,2702,SELL,622,97.0
1329048223630,2768,BUY,2715,SELL,1890,97.0
1329048223707,2769,BUY,2715,SELL,1033,97.0
1329048223707,2769,BUY,2697,SELL,1058,98.0
1329048223707,2769,BUY,2696,SELL,352,99.0
1329048223759,2770,BUY,2696,SELL,1969,99.0
1329048223759,2770,BUY,2707,SELL,424,99.0
1329048223805,2771,BUY,2707,SELL,2350,99.0
1329048223805,2771,BUY,2709,SELL,80,99.0
1329048223814,2772,SELL,2729,BUY,1359,92.0
1329048223814,2772,SELL,2257,BUY,20,91.0
1329048223937,2775,BUY,2709,SELL,1139,99.0
1329048223937,2775,BUY,2728,SELL,16,99.0
1329048224132,2777,BUY,2776,SELL,1963,98.0
1329048224133,2778,BUY,2776,SELL,706,98.0
1329048224133,2778,BUY,2728,SELL,1442,99.0
1329048224145,2779,BUY,2728,SELL,306,99.0
1329048224145,2779,BUY,2546,SELL,714,100.0
1329048224145,2779,BUY,2562,SELL,1952,100.0
1329048224156,2780,BUY,2562,SELL,694,100.0
1329048224156,2780,BUY,2581,SELL,520,100.0
1329048224182,2781,BUY,2581,SELL,1120,100.0
1329048224392,2786,SELL,2784,BUY,1517,93.0
1329048224630,2790,BUY,2581,SELL,506,100.0
1329048224630,2790,BUY,2585,SELL,2106,100.0
1329048224630,2790,BUY,2586,SELL,81,100.0
1329048225093,2797,SELL,2788,BUY,1121,94.0
1329048225112,2799,SELL,2788,BUY,1301,94.0
1329048225200,2803,SELL,2788,BUY,533,94.0
1329048225200,2803,SELL,2784,BUY,640,93.0
1329048225200,2803,SELL,2773,BUY,403,92.0
1329048225258,2804,BUY,2802,SELL,1743,96.0
1329048225469,2808,SELL,2807,BUY,2188,95.0
1329048225644,2811,BUY,2802,SELL,316,96.0
1329048225644,2811,BUY,2801,SELL,2250,97.0
1329048226088,2819,BUY,2801,SELL,625,97.0
1329048226088,2819,BUY,2814,SELL,469,97.0
1329048226369,2823,BUY,2814,SELL,1135,97.0
1329048226369,2823,BUY,2796,SELL,114,98.0
1329048226450,2825,BUY,2824,SELL,2537,97.0
1329048226693,2826,SELL,2816,BUY,1374,96.0
1329048226693,2826,SELL,2807,BUY,69,95.0
1329048226698,2827,SELL,2807,BUY,457,95.0
1329048226698,2827,SELL,2821,BUY,1172,95.0
1329048226699,2828,BUY,2824,SELL,4,97.0
1329048226699,2828,BUY,2796,SELL,1278,98.0
1329048226808,2831,BUY,2830,SELL,1713,97.0
1329048226945,2834,SELL,2831,BUY,563,97.0
1329048227037,2835,SELL,2829,BUY,1814,96.0
1329048227037,2835,SELL,2821,BUY,1000,95.0
1329048227121,2838,SELL,2821,BUY,401,95.0
1329048227121,2838,SELL,2806,BUY,2117,94.0
1329048227245,2839,BUY,2837,SELL,1373,96.0
1329048227245,2839,BUY,2834,SELL,202,97.0
1329048227698,2847,SELL,2806,BUY,670,94.0
1329048227794,2849,SELL,2805,BUY,2055,93.0
1329048227816,2850,SELL,2805,BUY,575,93.0
1329048227816,2850,SELL,2820,BUY,1832,93.0
1329048227905,2851,SELL,2820,BUY,268,93.0
1329048227942,2852,SELL,2773,BUY,919,92.0
1329048227942,2852,SELL,2800,BUY,1003,92.0
1329048227949,2853,SELL,2800,BUY,1246,92.0
1329048227949,2853,SELL,2257,BUY,1520,91.0
1329048228187,2858,BUY,2851,SELL,1344,93.0
1329048228187,2858,BUY,2847,SELL,871,94.0
1329048228278,2861,BUY,2860,SELL,1434,93.0
1329048228297,2862,BUY,2860,SELL,836,93.0
1329048228297,2862,BUY,2847,SELL,63,94.0
1329048228297,2862,BUY,2848,SELL,1410,94.0
1329048228727,2870,SELL,2863,BUY,2116,93.0
1329048228761,2871,SELL,2863,BUY,297,93.0
1329048228761,2871,SELL,2864,BUY,1094,93.0
1329048228761,2871,SELL,2855,BUY,1426,92.0
1329048228761,2871,SELL,2856,BUY,122,92.0
1329048228811,2874,SELL,2872,BUY,2608,93.0
1329048228813,2875,SELL,2856,BUY,1822,92.0
1329048229006,2877,SELL,2856,BUY,513,92.0
1329048229007,2877,SELL,2257,BUY,927,91.0
1329048229007,2877,SELL,2276,BUY,1170,91.0
1329048229159,2880,SELL,2276,BUY,953,91.0
1329048229159,2880,SELL,2408,BUY,1267,91.0
1329048229231,2883,SELL,2408,BUY,1398,91.0
1329048229231,2883,SELL,2500,BUY,604,91.0
1329048229290,2884,SELL,2500,BUY,740,91.0
1329048229290,2884,SELL,2680,BUY,1681,91.0
1329048229538,2886,BUY,2879,SELL,1445,92.0
1329048229538,2886,BUY,2874,SELL,378,93.0
1329048229538,2886,BUY,2876,SELL,971,93.0
1329048229747,2892,SELL,2680,BUY,736,91.0
1329048229747,2892,SELL,2740,BUY,599,91.0
1329048229883,2893,SELL,2740,BUY,800,91.0
1329048229883,2893,SELL,2783,BUY,425,91.0
1329048229917,2895,BUY,2876,SELL,460,93.0
1329048229917,2895,BUY,2848,SELL,65,94.0
1329048229917,2895,BUY,2894,SELL,1814,94.0
1329048229945,2896,BUY,2894,SELL,687,94.0
1329048229945,2896,BUY,2846,SELL,1678,95.0
