@article{Comerton2004, 
  type={Working Paper Series},
  title={{A Review of Stock Market Microstructure}},
  author={Comerton-Forde, Carole  and Rydge, James  },
  journal={SSRN eLibrary},
  year={2004},
  publisher={SSRN},
  doi={10.2139/ssrn.710801},
  keywords={microstructure, trading rules},
  location={http://ssrn.com/paper=710801},
  language={English}
}

@article{Kirilenko2011,
	author = {Andrei A. Kirilenko and Albert S. Kyle and Mehrdad Samadi and Tugkan Tuzun},
	journal = {Traders},
	title = {{The Flash Crash: The Impact of High Frequency Trading on an Electronic Market}},
	month = {January},
	year = {2011}
}

@misc{Nyse2009,
author = {{New York Stock Exchange LLC}},
title = {{Hearing Board Decision 09-NYSE-24}},
month = {November},
year = {2009},
url = {{http://www.nyse.com/pdfs/09-NYSE-24.pdf}}
}

@article{Coggins2006,
author = {Coggins, Richard and Lim, Marcus and Lo, Kevin},
journal = {Exchange Organizational Behavior Teaching Journal},
pages = {518--547},
title = {{Algorithmic Trade Execution and Market Impact}},
year = {2006}
}

@article{Lenglet,
	author = {Marc Lenglet},
	title = {{The 'Algo revolution': rising machines and the coding of practices}}
}

@inproceedings{Kakade2004,
 author = {Kakade, Sham M. and Kearns, Michael and Mansour, Yishay and Ortiz, Luis E.},
 title = {{Competitive algorithms for VWAP and limit order trading}},
 booktitle = {Proceedings of the 5th ACM conference on Electronic commerce},
 series = {EC '04},
 year = {2004},
 isbn = {1-58113-771-0},
 location = {New York, NY, USA},
 pages = {189--198},
 numpages = {10},
 url = {http://doi.acm.org/10.1145/988772.988801},
 doi = {10.1145/988772.988801},
 acmid = {988801},
 publisher = {ACM},
 address = {New York, NY, USA},
 keywords = {competitive analysis, online trading, vwap},
}

@phdthesis{Sorban2008,
author = {Boer-Sorban, Katalin},
title = {{Agent-Based Simulation Agent-Based Simulation of Financial Markets}}
year = {2008}
}

@phdthesis{Gilles2006,
author = {Gilles, Daniel},
title = {{Asynchronous Simulations of a Limit Order Book}},
year = {2006}
}

@article{Jha2010,
	author = {Jha, Ashutosh and Mohan, Jitesh and Vidyapeetham, Amrita Vishwa and Nadu, Tamil},
	journal = {International Journal on Computer Science and Engineering},
	number = {09},
	pages = {3025--3032},
	title = {{A survey of Call Market (Discrete) Agent Based Artificial Stock Markets}},
	volume = {02},
	year = {2010}
}

@article{Farmer2009,
author = {Farmer, J Doyne and Foley, Duncan},
doi = {10.1038/460685a},
issn = {1476-4687},
journal = {Nature},
month = aug,
number = {7256},
pages = {685--6},
pmid = {19661896},
title = {{The economy needs agent-based modelling.}},
volume = {460},
year = {2009}
}

@book{Gof1995,
    address = {Boston, MA, USA},
    author = {Gamma, Erich and Helm, Richard and Johnson, Ralph and Vlissides, John},
    isbn = {0-201-63361-2},
    keywords = {programming},
    publisher = {Addison-Wesley Longman Publishing Co., Inc.},
    title = {{Design patterns: elements of reusable object-oriented software}},
    year = {1995}
}

@book{Myers2004,
  title={{The art of software testing}},
  author={Myers, G.J. and Badgett, T. and Sandler, C. and Thomas, T.M.},
  isbn={9780471469124},
  lccn={40022270},
  series={{Business Data Processing: A Wiley Series}},
  year={2004},
  publisher={{John Wiley \& Sons}}
}

@ARTICLE{Beck2001, 
	author={Beck, K.}, 
	journal={Software, IEEE}, 
	title={{Aim, fire}}, 
	year={2001}, 
	month={September/October}, 
	volume={18}, 
	number={5}, 
	pages={87-89}, 
	keywords={program testing;programming;software design technique;systems analysis;test-first coding;program testing;systems analysis;}, 
	doi={10.1109/52.951502}, 
	ISSN={0740-7459}
}

@article{Siniaalto2007,
author = {Siniaalto, Maria and Abrahamsson, Pekka},
doi = {10.1109/ESEM.2007.35},
isbn = {978-0-7695-2886-1},
journal = {First International Symposium on Empirical Software Engineering and Measurement (ESEM 2007)},
month = {September},
pages = {275--284},
publisher = {Ieee},
title = {{A Comparative Case Study on the Impact of Test-Driven Development on Program Design and Test Coverage}},
year = {2007}
}
 