@article{Kirilenko2011,
	author = {Andrei A. Kirilenko and Albert S. Kyle and Mehrdad Samadi and Tugkan Tuzun},
	journal = {Traders},
	title = {{The Flash Crash: The Impact of High Frequency Trading on an Electronic Market}},
	month = {January},
	year = {2011}
}

@article{Coggins2006,
author = {Coggins, Richard and Lim, Marcus and Lo, Kevin},
journal = {Exchange Organizational Behavior Teaching Journal},
pages = {518--547},
title = {{Algorithmic Trade Execution and Market Impact}},
year = {2006}
}

@article{Lenglet,
	author = {Marc Lenglet},
	title = {{The 'Algo revolution': rising machines and the coding of practices}}
}

@phdthesis{Sorban2008,
author = {Boer-Sorban, Katalin},
title = {{Agent-Based Simulation Agent-Based Simulation of Financial Markets}}
year = {2008}
}

@article{Jha2010,
	author = {Jha, Ashutosh and Mohan, Jitesh and Vidyapeetham, Amrita Vishwa and Nadu, Tamil},
	journal = {International Journal on Computer Science and Engineering},
	number = {09},
	pages = {3025--3032},
	title = {{A survey of Call Market (Discrete) Agent Based Artificial Stock Markets}},
	volume = {02},
	year = {2010}
}

@article{Farmer2009,
author = {Farmer, J Doyne and Foley, Duncan},
doi = {10.1038/460685a},
issn = {1476-4687},
journal = {Nature},
month = aug,
number = {7256},
pages = {685--6},
pmid = {19661896},
title = {{The economy needs agent-based modelling.}},
url = {http://www.ncbi.nlm.nih.gov/pubmed/19661896},
volume = {460},
year = {2009}
}